8984 6732
0 0 0 0 This is a regular line without many mistakes
0 0 0 0 This is to test upper case error
0 0 0 0 Is order important
0 0 0 0 This ist to have specific number of words and space for more erro s 0 0 0 0 0 0 0 0 0 0 0 0 0 0 0 0 0 0
