1123 1440
215 50 925 107 mitzutheilen nicht zukommenlaßen, &amp; wenn ich auch von
121 106 890 170 der richtigen Ansicht ausgehe daß es gerade unglücklich wäre
132 161 1099 232 wenn alle Mitglieder der Bundesversammlung sprechen wollten, dieses Requisit
132 221 1104 291 dennoch unumgänglich erforderlich ist, weil Fragen kommen können, wo man
122 279 1114 360 billig erwartet daß Dieser oder Jener für oder gegen in die Schranken
115 335 247 388 trette. –
263 375 1080 448 Als Industrieller, als Kaufmann, dürfte man z. B. von mir
138 436 1084 501 erwarten daß ich in der Postfrage &amp; über Zölle &amp; Schuzzölle mich hören
131 490 1113 575 laße, &amp; ein Stillschweigen von meiner Seite würde mir selbst am Peinlichsten
99 551 1109 631 seyn. Allein es ist unnüz mein Selbstbewußtseyn verläugnen zu wollen zu
123 613 1099 684 dem sich noch eine gewiße Schüchternheit anreiht &amp; ich habe so große Scheu
128 674 1079 742 vor allfälliger Lächerlichkeit daß ich es um keinen Preiß der Welt
134 732 777 791 wagen wollte, – mich derselben auszusezen. –
273 798 1083 854 Das ist ein Punkt den ich Ihnen nur privatim eröffne &amp; nicht in mein
147 852 1105 916 Demissionsbegehren gehört, in welchem zwar ebenso unumstößliche Gründe auf-
125 903 361 963 geführt werden. –
324 946 1112 1010 Bei dem Umfange unsers Geschäftes, des hohen Alters meines l. Vaters
160 1005 1101 1068 &amp; der schwachen Gesundheit meines Bruders, dem die Last der Arbeit bei meiner
157 1058 1100 1124 Abwesenheit allein obliegt, &amp; bei der Erfahrung ich bereits machte
158 1118 1090 1183 daß unser Geschäft durch meine Abwesenheit leidet, kann ich mit allem
160 1173 1077 1241 Recht zurücktretten. Zu diesem gesellt sich noch der Umstand daß
164 1236 1051 1299 das viele Sizen &amp; die unregelmäßige Lebensweise meiner Gesundheit
150 1297 1077 1361 sehr nachtheilig ist, zumal ich an Hemoriden leide die mir nicht selten
994 1346 1113 1408 sehr
