1622 2592
1525 30 1557 80 1
637 107 1463 178 Hamburg den 26. Apr. 1866.
244 368 1410 453 Hochzuverehrender Herr Geheimer Rath!
158 577 1453 668 Anbei übersende ich Ihnen mit Bewilligung
149 678 1439 766 des Dr. Lappenberg die Materialien der von
120 766 1514 856 seinem Vater für die Monumenta bearbeiteten
126 849 1511 961 Quellen, da wir von Prof. Waitz erfuhren, daß
142 958 1586 1075 Sie dieselben sammelten. Ein Verzeichniß liegt bei.
247 1058 1453 1152 Daß ich Ihrem Wunsche Ihnen Ihre in der
112 1153 1598 1269 Angelegenheit der Monumenta an den Verewigten
143 1228 1577 1379 gerichteten Briefe zu schicken, so spät erst nach¬
133 1328 1529 1469 komme, werden Sie wohl gütigst damit entschul¬
124 1418 1444 1540 digen, daß ich zuvor mit der Durchsicht des
109 1495 1545 1650 gesammten literarischen und brieflichen Nachlasses
128 1596 1546 1748 zu Ende sein wollte, um desto sicherer alle be¬
120 1698 1522 1823 treffenden, da und dort zerstreuten Papiere in
92 1779 1492 1927 Ihre Hände gelangen lassen zu können. Aber
106 1881 1516 2019 selbst so kann ich Ihnen einige Ihrer Briefe nicht
81 1991 1554 2119 mitschicken, da Dr. Lappenberg dieselben gefunden,
102 2080 1570 2219 aber augenblicklich verlangt hat, ich aber, da ich
99 2205 1514 2307 übermorgen abreise, diese Sendung nicht auf¬
