1113 1440
1005 205 1025 206 Entschuldige mich, wenn ich Dich im Wesentlichen auf
249 114 551 181 Mein lieber Freund!
330 206 1027 290 Entschuldige mich, wenn ich Dich im Wesentlichen auf
270 248 1040 330 die Berichte der thurg. Blätter &amp;. mein kurzes Referat
270 307 1050 378 in der N.Z.Z. vom 12t Octob.  über die Gründungsgesellschaft
258 362 1012 431 von gestern verweise. Du siehst daraus, daß die Sache
259 408 1031 483 vorwärts geht, aber auch zugleich, daß es nicht die
273 455 1078 530 Landjunker (wie ein Kreis &amp; dgl.) sind, welche das Verdienst
266 514 1043 580 haben. Die «Philister» sind halt überall......
346 577 1026 650 Mit der Form der Behandlung war ich nicht ganz
302 617 1032 688 einverstanden, mochte jedoch um der Strömung willen
814 647 889 699 übrigens
297 669 1042 741 nicht ernstlich einreden, weil die Sache gut im Fluße
304 738 366 789 war.
392 764 1024 821 Da das bisherige Komité, auf meinen eignen Antrag,
363 808 1033 864 bestätigt wurde &amp;. ich das Glück hatte, im Loose
341 861 1034 914 unter den 6 neuen Mitgliedern nicht herauszukommen,
309 917 1019 973 so bin ich nicht im Falle, offizielle Mittheilungen
314 978 1014 1036 zu machen, es wäre denn, daß ich vielleicht mit
308 1035 955 1090 Appelle vor dem Ausschuße selbst nachträglich
305 1092 1017 1149 berufen würde (was ich nicht wünsche). Freilich, wenn
306 1149 1027 1210 ich dannzumal bestimmt würde, in Zürich mit Euch
307 1204 1030 1264 zu verhandeln: das hätte ein anderes Gesicht?!
