1104 1440
141 69 1087 127 in deren Folge es wohl seine – einstweilen eingestellten – Funktionen wieder
661 105 731 156 Appell.
142 135 1084 190 wird aufnehmen können. – Meine Stelle als Gerichtspräsident giebt mir üb-
135 198 1073 252 rigens überhaupt nicht sehr viel zu thun; mehr beschäftigt mich dagegen das
134 261 1078 316 Präsidium der Landes-Armenkommission, welches ich auch seit letztem Sommer
123 324 1053 378 übernommen habe. Das Armenwesen ist bei uns ein äußerst wichtiges Gebiet,
114 386 1066 447 welches die größte Aufmerksamkeit verdient; obgleich früher wenig damit
127 453 1085 514 vertraut, habe ich mich nun doch mit der größten Vorliebe hineingearbeitet,
123 516 1049 579 zumal ich gerade einen neuen Gesetzesentwurf auszuarbeiten hatte.
128 580 1039 639 Ueberhaupt herrscht gegenwärtig bei uns in gesetzgeberischer Beziehung
119 640 394 695 eine grosse Thätigkeit.
304 719 1096 780 Ich freue mich sehr auf die nächste Sitzung der Bundesversamm-
130 785 1076 845 lung, theils wegen der vielen lieben Freunde, die ich in Bern wieder treffen
125 851 1087 908 werde (daß Aepli nun hinzugekommen ist, hat Dich gewiß auch gefreut), theils
132 915 1082 979 wegen der intressanten Geschäfte, die uns bevorstehen. ich überlasse mich zum
129 981 1046 1043 voraus der frohen Hoffnung, daß ich mit Deinen Ansichten wieder so ganz
125 1045 1066 1105 übereinstimmen werde, wie es im letzten November der Fall war. Es ist dies
126 1109 1061 1168 die schönste Weihe, die eine innige Jugendfreundschaft erlangen kann, daß
132 1174 1083 1231 man auch später im Ernste des Geschäftslebens sich auf ungezwungne Weise
134 1237 378 1287 wieder zusammenfindet.
