981 1440
79 121 943 192 moment pour faire un saut à Florence, comme j'eus
70 169 951 238 l'honneur de vous en prévenir; c'est 8 à 10 jours de
71 224 691 287 retard avant de rentrer à Zuric.
171 256 944 333 Je ne reviendrai pas sur le résultat de notre
62 307 931 390 mission ici; la Concession a des conditions que l'on
60 350 925 434 ne saurait accepter que lorsqu'on doit s'en emparer
64 394 914 476 coûte que coûte. – M. Siegfried vous a instruit
50 437 868 520 jour par jour, sinon heure par heure, de tous les
69 490 900 561 incidents et de toutes les difficultés de notre
46 541 939 607 position au milieu du choc d'intérêts fort diver-
43 592 921 650 gents. Le résultat obtenu, dans une telle situation,
60 635 940 698 est encore fort heureux, car le parti de l'ajourne-
51 684 933 745 ment, l'avant dernière séance de la session, avait
55 737 583 793 beaucoup de chances pour lui.
180 770 931 839 Je pense que vous aurez apprécié la longue
36 822 935 884 prorogation obtenue pour les 2 Concessions du 10
65 871 929 932 mai 1868; c'est 2 ans à partir de la ratification
45 917 944 979 fédérale, tandis que leur efficacité n'allait que
36 961 954 1028 jusqu'au 12 oct. prochain, et devait former une
43 1009 928 1075 grande préoccupation à cause des 2 millions
64 1066 940 1124 de subsides. Maintenant le Comité est tout à
49 1115 881 1168 fait à son aise pour les opérations qui lui
62 1162 880 1217 restent à faire avant la constitution dela
63 1205 275 1257 Société. –
209 1250 915 1304 Quant aux subsides il n'est pas douteux
64 1294 940 1354 que le Canton n'ajoute au minimum, 1 million
