1067 1440
248 1292 583 1300 Es umarmt dich
665 1290 1019 1300 Dein alter treuer
147 131 1042 184 gerer Zeit, in welcher wir uns gegenseitig
143 182 1049 237 mehr angehören können, für einige Tage
134 236 1060 293 zu Euch herauf. – Ich bitte dich sehr, an dem
136 291 1053 348 Plane, den ich dir anmit vorlege, keine
133 343 1034 397 Veränderungen vorzuschlagen. Dagegen
141 391 1044 449 ersuche ich dich, mir melden zu wollen, zu
136 444 1045 497 welcher Stunde der Gottesdienst am 16. dß.
130 495 1020 553 beginnen wird. Ich wünsche zu gehöriger
139 544 1044 609 Zeit vor dem Anfange des Gottesdien-
127 602 1053 658 stes in Deinem lieben Hause einzutreffen.
201 660 1030 715 Endlich noch eine Frage, deren offene
130 714 1023 775 Beantwortung ich von dir erwarten zu
126 768 1051 823 dürfen glaube. Ist es bei Euch Sitte, der
127 817 1023 874 Pathinn, der Hebamme u. s. f., kurz noch je-
123 872 1053 926 mand anderm als dem Täufling anläß-
131 924 1050 978 lich der Taufe Geschenke zu machen? – Ich bitte
127 976 1045 1037 dich sehr, mir hierüber ganz offene &amp; mög-
127 1029 922 1087 lichst einläßliche Auskunft zu geben.
202 1095 1039 1150 Und nun noch meine herzlichen Wünsche
131 1143 1005 1196 für die baldige Genesung Deiner lieben
126 1184 1048 1251 Frau &amp; für das Wohlbefinden der Neugebore-
129 1247 283 1300 nen!
207 1300 584 1351 Es umarmt dich
243 1300 282 1301 nen!
665 1300 1020 1346 Dein alter treuer
739 1324 909 1383 Freund
903 1359 1047 1427 A Escher
