1598 2624
349 405 1401 502 Für den Traktat de investitura
326 494 1549 604 habe ich gelegentlich auch den anderen
315 579 1560 702 Bamberger Codex P I 9, 64 verglichen,
318 690 1496 791 und ich fand die Meinung über
313 788 1433 883 einen gewissen Zusammenhang
311 877 1581 979 des Traktats mit dem Brief Sigebert's
326 970 1514 1066 an Paschalis einerseits und dem
328 1064 1511 1161 Briefe Ivo's von Chartres an Hugo
317 1169 1560 1250 von Lyon andererseits insofern unter¬
325 1259 1547 1342 stützt, als in jenem Codex der Trak¬
336 1341 1532 1440 tat sich inmitten der beiden Briefe
338 1480 561 1531 findet.
594 1542 1551 1599 Sehr Leid that es mir, daß
333 1630 1536 1707 in dem Codex in Venedig nicht eine
338 1737 1526 1796 neue Streitschrift enthalten war,
333 1833 812 1885 wie ich hoffte.
579 1928 1492 1983 Ueber fernere Handschriften
351 2019 1519 2081 habe ich Einiges notirt; ich möchte
345 2114 1498 2169 das aber zu vervollständigen suchen
338 2207 1496 2258 und um die Erlaubniß bitten,
