1298 2096
157 295 1278 362 Thätigkeit Neigung hätte. Damals mußte
149 383 1273 454 ich mir gestehen, daß ich für eine solche
136 478 1222 551 Aufgabe nicht hinlänglich vorbereitet
145 573 1281 638 war, und ich bat Herrn von Giesebrecht
141 663 1144 729 daher, von mir gänzlich abzusehen.
132 768 1288 836 Inzwischen bin ich Lehrer geworden; und
147 864 1271 929 wenn mir nun auch der Verkehr mit
144 961 1258 1034 der Jugend große Freude macht, so sehe
150 1053 1257 1114 ich doch, daß mit einem solchen Amte
148 1138 1284 1208 auf die Dauer eine wissenschaftliche Be¬
140 1234 1200 1293 schäftigung, wie ich sie mir wünschte,
150 1322 1286 1387 schwer vereinbar ist. Der Gedanke, an
141 1416 1267 1477 jenem großen Werke der Monumenta
147 1496 1233 1569 einen wenn auch noch so geringfügigen
144 1578 1259 1665 Antheil zu nehmen, hat darum für
137 1677 1287 1757 mich nunmehr etwas noch Verlockenderes
