952 1440
137 154 878 211 an den Tag legen durch Broschüren. So Allievi der Direktor
108 202 896 260 der Perseveranza &amp; nunmehriger Deputirter, der entschieden
98 259 923 314 für den Gotthard ist &amp; also entgegen der von seinen Freunden in
343 288 398 339 Ansicht
102 307 895 366 der P. vertretenen; dann der Direktor der polyt. Schule
99 360 925 421 DeBrioschi, zwar ein Freund von Vanotti, aber vor Allem
110 410 914 468 ein Freund der Wahrheit, der im Journal Politecnico die
86 465 907 522 ganze Frage möglichst unpartheiisch behandeln will, sobald die
104 518 927 575 Berichte der Gr. Kommission gedruckt sind. Ich denke im Laufe dieser
101 573 926 631 Woche wird man diese Petitionskommission gebildet haben, so daß
93 624 890 684 ich Ihnen in etwa 8 Tagen darüber Mittheilung machen kann.
106 673 901 737 Unterdessen werde dann in Florenz an dem Memorial arbeiten.
95 724 910 788 Wir werden auch versuchen Correnti, Allievi &amp; einige andere
102 781 911 841 Deputirte in diese Kommission zu bringen. Reussirt unser Vor-
93 833 883 895 haben, woran kaum zu zweifeln ist, so ist damit auch in der
104 886 889 947 Deputirtenkammer die Hauptopposition gelegt, die sich außer der
109 936 889 998 von Rothschild noch hätte zeigen können. – Allieri sagt mir
111 988 925 1050 bis jetzt halten sich seine Freunde, d. h. die Splügisten, noch nicht ge-
98 1037 924 1103 schlagen &amp; ich habe auch von anderer Seite erfahren, daß Boccardo
93 1091 925 1157 hier war, um mit ihnen ein Schutz- &amp; Truzbündniß abzuschließen.
140 1144 928 1204 Von den Journalen haben wir zu unserer Disposition die Gazette de
108 1196 937 1261 Milan &amp; den Sole, der einen 2t Artikel gebracht hat. – Der Pungolo,
110 1249 916 1314 der, wie mir bestimmt versichert wird, auch von den Splügisten in
99 1300 919 1367 Anspruch genommen werden wollte, wird aber für Mailand als
