915 1440
685 119 885 169 Zurich, le 16 Octobre 1871
492 288 700 338 Monsieur le Commandeur
577 357 902 407 En réponse à vos dépêches d'hier et d'avant
460 391 888 442 hier, je viens de vous adresser le télégramme suivant:
484 424 898 475 «Vous envoie Convention conclue avec financiers alle-
455 456 894 509 mands, contenant toutes les dispositions relatives à par-
453 491 875 543 ticipation italienne. Vous enverrai au plus tôt mes
450 523 893 577 lettres aux maisons italiennes qui seront invitées à
449 559 898 609 participer. Délai pour se déclarer expire le 24. Comme
447 594 882 644 vous êtes indisposé, peut-être utile de m'envoyer
452 628 895 679 immédiatement votre Secrétaire pour conférer avec moi,
452 661 634 712 si jugez nécessaire.»
517 698 904 748 Je regrette excessivement les obstacles que rencontre
458 730 817 781 notre entrevue et les retards qui en résultent.
479 764 898 817 Les choses étant ainsi, il ne me reste pas autre chose
463 800 899 853 à faire qu'à vous envoyer la Convention du 10 Octobre 1871,
461 835 894 887 relative à la formation du capital de construction pour
460 868 889 922 le chemin de fer du S. Gothard, avec ses annexes; savoir:
460 903 885 955 1o Statuts de la Société du chemin de fer du S. Gothard,
460 938 889 988 2o Convention syndicale entre les membres du Consortium
456 972 882 1022 pour la formation de la Société du chemin de fer du
470 1005 556 1056 S. Gothard.
488 1038 900 1092 Ces pièces, d'ailleurs, vous mettront, mieux que toute
461 1072 889 1124 autre chose, au fait de la combinaison financière pour
461 1105 889 1158 la formation du capital nécessaire à la construction de
460 1141 890 1193 chemin de fer du S. Gothard, et de la participation qui
462 1175 894 1229 est réservée aux capitaux italiens. J'espère que vous
462 1210 900 1263 reconnaîtrez que j'ai sauvegardé au mieux les intérêts
465 1242 735 1295 de l'Italie dans cette circonstance.
57 1100 385 1156 Monsieur le Commandeur Servadio,
85 1139 380 1191 Président de la «Società Generale di
72 1173 342 1226 Credito Provinciale e Communale»
302 1227 418 1278 à Florence
