1708 2640
1565 42 1634 97 14
876 83 1638 162 Münster den 27ten Maerz 1856
445 300 1370 378 Hochverehrtester Herr Geheim Rath
255 691 1645 789 Indem ich Ihrem Wunsche gemäß, Ihnen beifolgend:
404 844 1658 929 1, den Text des Chron. Marbacense, mit dem Facsimile,
402 936 1588 1024 2, die Abschrift der Annales Bawari minores,
417 1019 1575 1097 3, Fickers Abschrift der Annales Iburgenses, und
406 1102 1640 1174 4, das der Bibliothek des Vereins f. A. u G. W.
444 1171 1636 1254 gehörige Original der Annales Iburgenses, zwei
445 1251 1134 1327 Blätter Pergament. folio.
276 1357 1644 1434 übersende, erlaube ich mir die Bemerkung, daß ich
554 1407 689 1460 Brief
284 1438 1651 1518 aus Ihrem vom 14ten dieses nicht klar ersehen habe,
290 1514 1655 1606 ob Sie das Chron. Marbacense und die Annales Iburgenses
285 1583 1648 1677 selbst herauszugeben beabsichtigen, oder, wie ich bis¬
279 1664 1638 1748 her glaubte annehmen zu dürfen, mir die Bear¬
282 1747 1650 1834 beitung dieser beiden Quellen überlassen wollen.
260 1825 1625 1917 Wäre die erstere Voraussetzung begründet, so
273 1896 1652 1992 würde ich mich hierdurch beeinträchtigt halten müs¬
257 1978 1651 2079 sen. Das Chron. Marbacense, so wie seinen histori¬
231 2062 1617 2149 schen Werth und seine Verschiedenheit vom Fragm.
236 2152 1632 2231 histor. bei Urstis. II. 74 habe ich gleichzeitig mit
256 2231 1647 2323 Böhmer entdeckt, die seine Abfassung betreffenden
246 2315 1653 2410 kritischen Fragen im Archiv XI. p. 115 erörtert und
