1191 1440
26 8 1164 41 auf eine recht schöne u. rührende Gratulationsrede für den künftigen Hochehrwürdigen zu studiren! Du magst sie dann vorläufig
26 14 1171 66 in Bereitschaft halten u. an Deinen vielgeliebten Freund in Uster adressiren; nur nicht nach Schwzbch, wo der Geringsten Gering-
23 34 1172 90 ster in stiller Zurückgezogenheit wohnt u. sein Lebtag nie weder in Versuchung noch in d. Fall kommen wird, etwas mehr u. Höheres
22 60 1161 114 zu werden, als er ist. Und selbst wenn ich Erzbischof von Canterburi würde, möchte ich von Dir, mein Lieber, nie eine
31 82 1154 136 andere Anrede hören, als die, womit Du mich in Deinem l. Schreiben begrüßtest, sowie auch ich, magst Du in der Welt
32 104 1170 158 noch werden, was Du willst, Bürgermeister in Zürich, Landammann der unirten Helvetika od. gar Gemeindschreiber
35 135 1166 188 in Enge, ich mir, wenigstens in unsern Privatverhältnissen, das Vorrecht ausbitten möchte, Dich meinen lieben,
34 161 1174 216 theuern Alfred nennen zu dürfen. Das warst u. bist Du meinem Herzen, seitdem ich Dich kennen lernte, u. das sollst
40 181 1172 240 u. wirst Du mir Zeit Lebens bleiben, selbst dann, wenn ich mit meinen Äußerungen dessen, was mein Herz für Dich fühlt,
34 208 1151 267 zurückzuhalten durch äußere Verhältnisse genöthigt wäre. Also immerhin sei weder von Wohl- noch gar von Hochehrwürden die
61 1069 1144 1134 Rede, wenn Du etwa in einem künft. Briefchen mich begrüßen u. erfreuen willst. Wahre alte Titulatur ist mir die
40 1104 541 1160 allein erwünschte; denn sie ist die freundlichste u. herzliche!
81 1129 1180 1187 Nun aber, mein Lieber, Gott befohlen! Ich schließe, um sogleich über d. Berg nach Belvoir zu pilgern, in der freu-
42 1154 1180 1211 digen Hoffnung, Deine Lieben dort wohl anzutreffen u. neue günstige Nachrichten v. Dir zu vernehmen! Meine besten
34 1179 1134 1240 Wünsche auf Deine Reise sowie für Dein stetes Glück u. Wohlergehen! – Mit herzlicher Liebe u. steter Treue
921 1205 980 1256 Dein
886 1233 1056 1285 H. Schweizer.
