1148 1440
356 99 1128 165 Diese 51 Stimmen wurden abgegeben von
357 142 1119 203 der Linken (außer Bertani der offen für
363 178 1111 237 den Gotthard stimmte) den Veltlinern wie
357 222 1140 289 Bonfadini usw u anderen Splugisten – und andern
352 265 1136 339 von den mit Peruzzi stimmenden Toskanern.
360 309 1126 373 Im Senat ist der Entscheid nicht zweifelhaft,
358 350 1113 412 ich glaube daher um so weniger länger
354 395 1123 449 hier blieben zu sollen – als Herr Pioda
358 428 1115 488 wieder soweit hergestellt scheint um
357 469 1125 526 sich der Geschäfte annehmen zu können. –
361 514 1115 567 Zum Schluß hochgeachteter Herr erlaube
353 549 1113 606 ich mir noch ein Curiosum mitzutheilen
363 589 1094 643 und eine Nutzanwendung daran zu
360 623 517 677 knüpfen.
359 663 1112 718 Gestern theilte ein erster, glaubwürdinger
356 701 1071 762 Deputirter Herrn Pioda &amp; mir mit:
326 744 1123 803 «Graf Brassien habe einen Splügisten
330 785 1121 841 gefragt: «Sie hätten ganz recht gehabt sich
303 826 1123 880 tüchtig zu wehren – denn es unterliege
302 864 1093 919 keinem Zweifel, daß Italien und
297 903 1127 957 Deutschland durch den Vertrag durch
297 945 1119 997 die Schweiz übervortheilt werden!»»– (das
291 989 1015 1045 «Wort war noch viel stärker!»).
358 1036 1095 1092 Wenn ich diese einfältige Klatscherei dem
359 1076 1117 1131 Oberst Flammen mitgetheilt – und dieser
358 1119 1108 1178 sie Hrn Dellbrük hinterbracht hätte –
358 1156 1130 1251 wie hätte dieser sich wohl dabei benommen?
350 1202 1123 1264 Ich zweifle nicht daran, daß er Hrn Flammen
350 1237 1073 1290 einfach den Rücken gekehrt hätte – und
358 1273 921 1326 dabei hätte er Recht gehabt! –
