1140 1440
165 71 1107 146 Berechnung f 3000- f 4000 pr Kilometer fehlen, um die Obligationszinse
153 108 1084 184 zu bezahlen, so daß also nicht nur Stamm Aktien &amp; Prioritäts-Aktien leer
172 143 1084 219 ausgehen, sondern sich noch überdies ein Defizit von F 825.000–1.100.000
169 202 342 256 ergeben wird.
249 208 1098 290 Ich fand mich daher veranlaßt, ihn direkt zu fragen, ob er eine Wahl in
160 250 1096 328 den Verwaltungsrath der schweiz. Kreditanstalt annehmen würde, was er ganz
142 305 447 358 ohne Umschweife bejahte.
256 328 1101 396 Es war dieses am Tage nach meiner vorletzten Anwesenheit in Zürich,
134 362 1115 436 &amp; als Sie mir das letzte Mal dann von Hr. F. sprachen, war ich darüber etwas
154 401 1098 475 betroffen, weil ich daraus schließen mußte, ich habe Sie das vorige Mal miß-
155 436 1071 510 verstanden, &amp; meine Schritte bei Herrn T. seien daher voreilige gewesen.
258 484 1115 553 Meine Ansichten über die Wünschbarkeit der Aufstellung eines engern
148 524 1132 593 Comité haben sich nicht geändert. Ich wünsche, daß ich mich in meinem Urtheil
168 561 1078 634 über Herrn H. täuschen möge, allein ich gestehe Ihnen aufrichtig, daß ich
171 604 1081 679 bei der Sache nie ganz ruhig bin, und daß auch die letzte Verhandlung mich
165 650 1115 720 wieder in meinen Besorgnissen bestärkt hat, Herr H. möchte gelegentlich wie-
157 691 1110 757 der Bockssprünge machen. Um Statuten &amp; Geschäfts Ordnungen bekümmert er
145 730 1097 793 sich nichts, &amp; seine feinen Combinationen scheinen mir die namliche Tendenz
150 770 1094 831 zu beurkunden, welche anderwärts die Creditanstalten so sehr in Verruf
135 804 1080 870 gebracht hat. Wenn ich daher das letzte Mal das Vertrauens Votum nicht
169 841 1132 910 eifriger bekämpft habe, so geschah es nur, weil es von Herrn Rüttimann bean-
161 886 859 950 tragt wurde, &amp; gar nicht, weil ich dieses Vertrauen theile.
264 920 1099 987 Diese Nothwendigkeit, ein engeres Comité aufzustellen, ist es nun,
165 959 1078 1029 warum ich einen Werth auf die Wahl des Hr. T. setze. Herr F. ist ein
148 996 1098 1069 sehr achtungswerther Mann, &amp; erfahren in seiner Spezialität, und ungeachtet
159 1042 1108 1108 der untergeordneten Stellung, die er bis dahin eingenommen, und als Agent für
160 1083 1134 1146 auswärtige Bwollhäuser – was mit der Funktion eines Provisionsreisenden
160 1120 1096 1178 ungefähr übereinstimmt – jezt noch einnimmt, hätte ich keine Einwendung
153 1155 1080 1216 gegen seine Wahl zu machen gehabt, wenn es sich um die Wahl eines
160 1178 1100 1252 einfachen Mitglieds gehandelt hätte. Für eine Stelle im engern Comité
160 1215 1112 1291 ist aber erforderlich, daß der zu Wählende vor Allem aus Zeit habe,
161 1253 1105 1331 um auf den ersten Ruf, wenn sich ein Geschäft darbietet, bereit zu sein,
