1134 1440
113 97 1068 153 müßte. Dagegen habe ich vom technischen Bureau der
112 141 1053 195 königl: Eisenbahn–Direction so eben einen Zeichner, Herrn
103 187 1106 239 Mundorf entlehnt, welcher morgen eintreten wird, um mit
111 228 1102 282 der Fertigung der Schriften auf den Blättern des Längen–Pro-
97 265 387 321 files zu beginnen.
158 316 1080 367 Sobald das vierte Blatt des Längen–Profiles (bis Faido )
116 357 1103 409 aufgetragen ist, wird Herr Stocks dasselbe zur Hand nehmen,
119 401 1070 454 um darauf mit der Berechnung der Grundflächen pp  zu be-
90 444 1093 495 ginnen. Mittlerweile werde ich mit der Berechnung der
113 483 1071 538 Maßen der Kunstbauten auf dem ersten Blatt fort-
102 531 236 581 fahren.
175 573 1073 625 Von Herrn Oberbaurath Gerwig habe ich dieser Tage
117 614 1086 669 einige Notizen über den Mont-Cenis Tunnel erhalten.
109 658 1099 710 Den Bericht der technischen Comission über die Arbeiten
126 702 1107 754 am Mont–Cenis habe ich, mit der Feder in der Hand, durch-
94 745 1099 796 gelesen. Ich hoffe auf weitere Notizen durch einen Par-
125 787 1095 838 laments-Abgeordneten in Mailand zu erhalten. Da das
125 831 1107 881 Längen–Profil bis Biasca zu Anfang oder bis Mitte der
127 874 1097 925 nächsten Woche aufgetragen sein wird, so werde ich Herrn
105 917 1108 967 Gerwig hievon benachrichtigen, und ihn einladen, undhie-
126 959 1101 1010 von, so wie von dem Fortgang unserer Arbeiten hier
114 1003 1096 1054 Einsicht zu nehmen. Vielleicht kann er mir sein Gegen-
115 1043 1111 1096 Projekt einer Bahn-Linie mitbringen, das er auf einen
134 1088 1112 1140 von Herrn Regierungsrath Zingg erbetenen Plan einzeich-
138 1130 1107 1184 nen will. Herr Gerwig hatte ursprünglich die Meinung
138 1175 1110 1226 daß diese letzteren ausschliesslich zu wählen und unsrem
118 1218 1110 1271 Gutachten zu Grunde zu legen sei. In Folge meiner tech-
137 1262 1119 1314 nischen und mit Rücksicht auf den Bahnbetrieb gemachten Einwen-
