1578 2464
1468 45 1518 100 5
728 84 1507 148 Montpellier Villa Marie
964 159 1483 217 den 25ten dec. 1882
282 448 1327 517 Hochgeehrter Herr Professor
564 573 1558 674 Für Ihre so aeusserst freund¬
160 692 1561 781 liche antwort danke ich Ihnen vielmals,
138 769 1562 888 bedaure nur und fühle mich sehr
148 876 1515 971 beschämt dass ich Ihnen wegen der
146 958 1555 1066 bitte um mittheilung der aushängebogen
150 1054 1537 1157 so viel mühe verursacht habe. Freilich
169 1148 1553 1261 wird es für mich vom grössten werthe
134 1217 1553 1330 sein dieselben einsehen zu dürfen. Wenn
162 1311 1501 1431 auch die zuverlässigkeit der aeltesten hand¬
143 1384 1555 1519 schriften selbst erst sorgfältig geprüft sein
160 1482 1565 1587 will und ihr zeugniss sich kaum auf ein
153 1562 1546 1677 viertheil der schriften Gregors erstreckt, so
169 1614 1575 1742 ist doch andrerseits die ganze überlieferung
167 1710 1555 1824 nicht ohne jene handschriften zu beurtheilen,
145 1822 1529 1929 ja, ich denke den grundstein müssen sie
168 1866 1569 1980 immerhin bilden, da ja die übrigen wohl
170 1954 1545 2069 auch auf solche des 7ten jh. zurückgehen
167 2035 1566 2134 werden, keine unmittelbar auf die urhand¬
162 2116 1565 2224 schrift bezw. (wenn eine eigentliche ausgabe
158 2204 1529 2311 angenommen werden darf). auf die urhand¬
158 2276 1557 2390 schriften. Die wichtigkeit der miracula bin
