1644 2576
1557 42 1610 92 9
1079 762 1620 836 Göttingen, den 5. April
1334 859 1438 919 1877.
635 1041 1278 1105 Hochgeehrter Herr Geheimrath!
133 1266 1611 1318 Meine Arbeit an der Stadtrechtssammlung ist seit vorige Ostern,
120 1346 1590 1404 wo Sie mir die Herausgabe der ältern Stadtrechte für die Mon.
141 1437 1604 1500 Germ. übertrugen, in der Weise fortgeführt, daß ich jetzt eine
153 1532 1606 1590 ungefähre Übersicht über das Material besitze, das wohl aus¬
173 1624 1596 1686 reichen würde, den ersten Band zu füllen. Ich bin von
175 1718 1592 1781 Belgien ausgegangen, habe dann Holland und ferner den
191 1821 1615 1888 Niederrhein, um damit Cöln Achen und ihnen verwandte
213 1937 1602 1998 Städte zu bezeichnen, bearbeitet. So mit war ich bis
236 2040 1602 2106 zum Beginn des Wintersemesters gelangt. Während
255 2169 1622 2220 desselben, wo ich durch zwei große Vorlesungen wie
