2000 2825
1001 402 1803 467 Bonn, 15 November 1886.
411 708 1550 771 Sehr geehrter Herr Geheimrath!
204 984 1845 1069 Ich erlaube mir Ew. Hochwohlgeboren einige Besprechungen
221 1073 1828 1143 meines Werkes: "Anthropologische Studien" zur gefälligen
213 1158 1793 1225 Kenntnißnahme zu übersenden und bitte um spätere gütige
209 1236 1770 1297 Rücksendung. Auch wird es Sie gewiß interessiren, aus
229 1312 1801 1370 dem Berichte der Stettiner Anthropologischen Versammlung zu
206 1388 1810 1457 ersehen, mit welcher Freude und Anerkennung diese Ver¬
222 1463 1782 1524 sammlung die Gründung der ersten ordentlichen Professur
231 1540 1849 1599 für Anthropologie an einer deutschen Universität begrüßt
220 1618 1846 1673 hat. Die Fortsetzung des Berichtes werde ich mich beehren,
214 1694 994 1756 Ihnen später nachzusenden.
956 1768 1752 1825 Mit vorzüglicher Hochachtung
1280 1862 1529 1914 zeichnet
1508 1908 1743 1963 ergebenst
1083 1998 1895 2050 Professor Dr. H. Schaafhausen.
