2626 3264
1666 49 1746 107 51
1783 117 2557 171 Wien den 2 ten September 1857
716 582 1713 646 Hochverehrter Herr Geheimer Rath!
1626 842 1772 892 hatten
252 895 2487 954 Die Vollmacht, die Sie mir zu übersenden die Güte u für die ich Ihnen meinen
249 997 2527 1053 ergebensten Dank sage, führte bald den Erfolg herbei, daß mir die Benutzung
249 1095 2535 1147 sowohl des Staatsarchivs wie des Deutschordensarchivs gewährt wurde. Durch
252 1190 2516 1248 die Güte des Hofraths Schön war es mir gestattet, bereits am vergan¬
256 1290 2520 1342 genen Sontag fünf Stunden im Deutschordensarchiv zu arbeiten. Ich bin
255 1381 2558 1448 mit den Urkunden daselbst bis in die Mitte des 13 ten Jahrhunderts vor¬
247 1487 2511 1543 gerückt. Ziemlich viele derselben, wie sie in dem durch Ihren Herrn Sohn
257 1585 2538 1641 mir zugeschickten Packet verzeichnet sind, gehören aber der zweiten Hälfte
268 1697 2536 1751 des 15 ten Jahrhunderts an u ich bitte Sie, mir gütigst mittheilen zu
267 1791 2565 1853 wollen, ob ich auch von allen diesen Abschrift zu nehmen habe, oder etwa
274 1884 2561 1949 wie Dr. Wattenbach bei Benutzung des hiesigen Staatsarchivs nur bis zum
251 1990 1182 2050 Jahre 1440 vorgehen soll.
253 2094 2574 2158 Inzwischen haben meine anderen Arbeiten einen ziemlich raschen Fortgang ge¬
255 2189 2575 2258 nomen. Die Handschrift des Hermannus Altahensis (Archiv X.451) ist absolvirt
253 2276 2539 2353 u hat eine Reihenfolge analistischer Notizen ergeben, die von 508 bis in
260 2372 2580 2445 den Anfang des 16 ten Jahrhunderts sich erstreckt. Für die älteren Annales
258 2473 2547 2540 Altahenses ist die Ausbeute erkleklich. Herman erhält einen andern
249 2571 2601 2639 Anfang als bei Böhmer. Eberhard, den Böhmer durch Hineinarbeiten nicht
252 2664 2541 2739 hingehöriger Stücke von seiner wahren Gestalt bedeutend entfernt hat,
270 2770 2514 2839 wird aus der Reihe der Altaicher Geschichtsquellen scheiden müssen. Er
