2132 2764
92 119 2045 287 nache hin zu komen da stelten wir uns zu den
81 268 2021 433 Baume hin dan zug es mich aber wieder weg von
91 396 2044 554 den Baum. da härte ich wieder zum 4 mahl eine
78 514 2007 670 laute Stime die zu mir Sprach Betet bis in die
95 637 1869 797 Nacht hinein, dan soll euch geholfen sein.
92 763 1978 913 , Und als wir wieder Beteten Überviel d mich
81 889 1915 1049 , der Krampf wo ich aber nicht lange dabei ohne
113 1037 2050 1183 . besinung war, sondern alles weis was ich dabei
87 1174 2074 1313 , gesagt und gethan habe was sonst nie vorkomen
73 1287 2067 1486 . ist ich hörte immer eine Stime die zu mir sprach
110 1415 2066 1567 . es ist das letzte mahl Ich helfe dir und das Wieder¬
81 1536 2027 1686 . holte es sehr oft Ich ich mußte zu immer zu dem
91 1660 2057 1812 Braunen Bilde zur Antwort geben du hilfst mir
78 1793 2069 1938 du hilfst mir dan mußte ich zu meiner Pauline
89 1924 1979 2064 Sie solle ein Vaterunser beten, und in 3 Minuten
85 2046 2038 2198 wird es alle sein Und ich bin Gesund, wer das
1090 2158 1276 2230 möge
92 2170 1982 2327 nicht Glauben will der es nicht mehr wagen
82 2307 1935 2458 hier zu t her zu komen, Wer ohren hat zu
