1136 1440
174 147 1021 199 Man nimmt an der Siz komme nach Zürich u. das will
147 200 1028 252 man nicht! – Geigy selbst scheint nicht Lust zu haben
166 251 1002 303 viele Lanzen in diesem Krieg zu brechen, so daß ich
173 302 1090 365 sehr besorge, schon in Baselhabedringe man – ehe es an die
173 356 1068 415 Behörden kommt – schwerlich durch. – Man müßte auf
188 411 1054 470 die nicht-baslerischen Mitglieder des Verwaltungsrathes
177 460 488 510 zu wirken suchen. –
203 511 1060 573 Betreffend die silberne Kanne bei Fontana, so ging ich am
190 562 1100 633 Tag nach deiner Abreise zu lezterm u. sagte ihm, er soll
201 615 1033 684 sie 3 Wochen noch behalten; wenn ich sie innert dieser
196 668 1074 739 Zeit nicht abhole, so möge er sie unter deiner Adresse
223 713 1082 793 nach Zürich senden, ganz im Sinn unsrer Verabredg.
224 783 1085 854 Ich fühlte mich wieder sehr isolirt u. wieder in der
207 830 1099 914 Fremde als du von hier abgereist warest. – In neuester
215 881 1097 965 Zeit habe ich nun verschiedene Schweizer, die hier etablirt sind
231 926 1109 1018 kennen gelernt, u. recht wakre Leute darunter gefunden.
243 973 1080 1072 Meine Frau u. meine beiden Niècen wären in diesen lezten
262 1027 1057 1118 Tagen hier eingetroffen, wenn nicht meine Frau
261 1072 1079 1162 durch ein rheumatisches Fieber leider ins Zimmer od.
261 1119 1085 1214 gar ins Bett gefeßelt worden wäre, so daß sie auf
248 1167 1074 1263 den schönen Plan, mich abzuholen, verzichten muß. – –
213 1222 1047 1310 Mit freundschaftlichen Empfehlungen an d. l. Deinen
243 1261 1061 1364 u. insbesondere an deine werthe Braut u. mit den besten Grüßen
625 1334 762 1387 stets Dein
799 1337 1045 1425 Kern
69 1334 422 1391 Paris den 10 Aprill 1857.
