940 1440
428 49 798 99 Florenz, 5 Dec. 65.
44 141 391 197 Herrn Dr A. Escher.
260 254 655 309 Hochgeachteter Herr,
327 368 910 422 Indem ich die Eile u Unvollständig-
129 408 871 465 keit des heute abgegangenen Briefs wegen
149 453 910 504 einer Menge von Abhaltungen zu entschuldigen
150 498 892 549 bitte, versuche ich nachzuholen, was ich ver-
105 538 812 591 säumt oder nur flüchtig berührt habe.
248 580 895 631 Der Minister, um mit dem Höchsten zu
148 622 895 674 beginnen, ist durch u durch Gotthardfreundlich
147 664 900 716 mehr selbst als Formen u Verhältnisse er-
102 703 906 758 lauben. So einstimmig dieses Urtheil aber
148 745 903 800 ist, so einstimmig auch die Meinung von
152 786 910 839 dem Mangel seiner Beharrlichkeit u Umsicht.
150 824 897 881 Er ist unzuverlässig, wenn nicht in seiner
131 866 901 922 Zuneigung, doch in seinem Planen. Viele ur-
126 908 830 967 theilen noch viel schärfer über ihn.
156 947 907 1003 Genug, die Kälte des ersten Besuchs war
141 994 908 1047 wohl die Folge des Ärgers, daß die Erklärung
156 1032 870 1086 der preußischen Bereitwilligkeit zur
150 1074 894 1129 Subvention nicht rechtzeitig eingetroffen
156 1116 878 1170 war um das Alpenbahnprojekt in der
138 1160 748 1211 Thronrede erwähnen zu können.
178 1197 860 1252 Auch die Depesche aus Berlin über die
150 1239 863 1294 ungeschickte oder ungenügende Anregung
162 1275 866 1332 von Seiten des Gotthardausschußes in den
154 1313 883 1368 Rheinlanden findet ihre Erklärung
