1280 1664
910 103 1249 164 K. 29. I. 79.
70 137 671 196 Sehr geehrter Herr!
91 237 1268 308 Empfangen Sie meinen verbindlichsten
62 338 1170 420 Dank für das mich hoch ehrende Ver¬
71 441 1246 525 trauen, welches Sie in Ihrer Zuschrift
90 549 1242 639 vom 26. d. M. mir bewähren. Ich bin
71 643 1276 745 mit Ihrer von edeln Motiven eingegebenen,
73 742 1201 863 mit klarem Verständniß gedachten
61 860 1250 982 und in maßvoller Form ausgesproch¬
48 979 1275 1090 nen Erörterung vollständig einverstanden
51 1089 1237 1197 und finde dann eine Begabung und
45 1221 1266 1332 eine Reife, welche ganz außerordentlich
44 1333 1221 1464 sind: ich freue mich herzlich, einen
30 1456 1147 1562 so ausgezeichneten jungen Mann
11 1586 292 1637 Felix Dahn.
