1096 1440
70 165 1029 224 &amp; soviel ich vernehmen konnte ist die Stimmung für ihn
46 193 1075 256 durchweg eine günstige. Allein würde Sulzer zurück-
65 226 1068 287 treten, so käme dann in Frage, wer an seine Stelle
56 255 1088 339 treten soll. In diesem Falle würde Bucher ohne Zweifel
69 292 1072 357 aspiriren, &amp; es wäre dann unsere Meinung, daß Bucher
76 325 1050 386 als erster &amp; Hagenb. als zweiter (womit dieser
70 355 1077 418 auch ganz einverstanden wäre) gewählt werden sollte.
67 392 1088 462 Man sollte also schon vor der Wahl des erstern wissen,
84 428 566 480 was Sulzer thun will. –
313 449 368 501 Ott
123 464 1088 521 Hr Stabsmajor beschwerte sich bei mir darüber, daß sein College
102 493 1068 557 (Müller) Wehrli als Oberstlieutnt im Generalstab vor-
90 527 1044 590 geschlagen worden sei &amp; er – Ott – nicht; während sie beide
105 563 1067 625 am gleichen Tage das Majorsbrevet erhalten haben.
99 591 1095 655 Wehrli habe zwar die Erfordernisse zum Avancement,
109 623 1045 684 welche nach dem Reglement gefordert werden, nicht;
111 659 1091 716 allein sollte derselbe dennoch gewählt werden, so würde es ihn
90 687 1092 750 sehr ärgern, daß nicht auch er in Vorschlag gebracht
108 723 1082 785 worden sei. – Willst Du Dich vielleicht bei Herrn Frei-Herosee
104 753 1052 814 erkundigen welche Chancen W. habe? Falls diese
94 785 1081 849 günstig wären, so sollte auch Ott vorgeschlagen werden,
116 816 1076 887 was die Gesandtschaft wohl von sich aus thun könnte. –
127 858 1043 924 Ebenso empfehle ich Dir dringend den Herrn Wild als
123 883 1054 964 Major in den Generalstab. Wild verdient
127 917 1003 1002 gewiß diese Anerkennung im höchsten Grade. –
165 955 1090 1041 Neues von Bedeutung nichts. Daß Oberst Bürkli
118 992 1081 1069 – wie E. G. sagt, wahrscheinlich wegen «religiöser Bewegungen» –
60 1032 785 1107 geisteskrank ist, wirst Du wissen! –
95 1073 1069 1154 Herzliche Grüße an die Herren Hoffmann, Hungerbühler &amp;
114 1104 1081 1188 Siegfried. Dich grüßt &amp; weilt im Geiste oft
131 1145 1085 1238 bei Dir Dein «unveränderter &amp; sich nie verändern-
130 1209 218 1266 der»
769 1226 1007 1288 J Bollier
146 1277 474 1333 Zürich d. 11/6/48.
