2650 3296
1794 113 1879 171 52
180 293 2518 428 auf der Bibliothek mitgetheilt wird, im Januar dieses Jahres von oben
184 384 2518 523 herab die Bestimmung erfolgt, daß Handschriften nach auswärts verliehen
194 460 2538 624 werden dürfen. Der Weg geht durch das heimischen Ministerium u den
1309 559 1403 620 von
181 557 2497 724 hiesigen Gesandten an das Hofamt, dem die Hofbibliothek ressortirt
198 646 2539 822 (Oberstkämmereramt). Sollten Sie Herr Geheimrath es für gut finden, diese
207 750 2551 914 Handschrift nach Berlin komen zu lassen, so würde ich in etwa 8 spätestens
200 904 1291 1010 10 Tagen Wien verlassen könen.
210 969 2517 1110 Am liebsten ginge ich von hier gleich weiter nach München u Augsburg. In
607 1093 691 1145 eine
198 1049 2466 1212 München ist noch Urkundensammlung des Hermann. Außerdem müssen die
233 1155 2485 1300 älteren Altaicher Analen dort noch in der lange gesuchten Abschrift vor¬
217 1255 2483 1400 handen sein u ich würde es wenigstens an Stelle u Stelle an Mühe nicht
209 1365 2511 1504 fehlen lassen sie aufzusuchen. In Augsburg würde die einschlagende Hs. zu
223 1471 2476 1601 benützen sein. Fast dünkt mich, daß Sie Herr Geheimrath schon bei Aus¬
202 1571 2474 1706 stellung meiner Vollmacht an diese Ausdehnung meiner Reise gedacht
211 1695 2260 1816 haben, den in ihr ist auf Baiern bereits Bezug genommen.
215 1790 2507 1928 Ich bitte Sie hochverehrter Herr Geheimrath mir in Betreff der erwähnten
208 1889 2491 2037 Kaiserurkunden, der Placentiner Chronik, so wie der Bairischen Reise
214 2019 1954 2136 möglichst bald Ihre Entschließungen mittheilen zu wollen.
217 2090 2539 2240 In Ansehung des mir gereichten Reisevorschusses füge ich nur noch hinzu, daß
219 2175 2519 2331 er noch vollkommen ausreichen würde, sowohl die Kosten meines hiesigen
217 2268 2506 2432 Aufenthaltes bis Mitte dieses Monats, wie die der Rückkehr nach
230 2367 2539 2523 Berlin zu decken, muß jedoch, um nach Baiern gehen u dort verweilen
234 2469 2128 2614 zu können eine Vermehrung desselben erwünscht sein möchte.
233 2562 2532 2718 Genehmigen Sie, hochverehrter Herr Geheimrath, die Versicherung meiner
242 2725 1400 2829 innigsten Verehrung u Hochachtung.
1750 2696 2275 2755 Ganz ergebenst
1769 2807 2063 2866 Dr. Jaffé.
1540 2891 2372 2969 Altervorstadt, Spitalgasse No" 345
