1143 1440
536 61 940 111 Belvoir 6 November 1863.
108 206 1039 258 An Herrn a. Staatsschreiber Dr. von Gonzenbach in Muri
271 384 670 444 Hochgeachteter Herr!
378 475 1110 533 Sie machen mir mit geschätzter Zuschrift von
62 523 1126 593 gestern Mittheilung von einem Artikel, der in dem «Berner -
63 576 1103 648 blatte» erschienen ist, &amp; wünschen von mir zu erfahren, was
70 639 572 696 daran wahr &amp; was falsch sei.
358 687 1127 756 Ich finde Ihre Anfrage vollkommen berechtigt
61 742 1127 816 &amp; will es daher keinen Augenblick anstehen lassen, auf diesel-
58 815 352 866 be zu antworten.
341 835 1130 905 Vorerst habe ich hervorzuheben, daß ich noch
60 886 1124 956 nie eine Nummer des «Bernerblattes» vor Augen gehabt habe
61 938 1127 1008 &amp; daß mir daher auch diejenige, in welcher der fragliche Arti-
60 991 1130 1061 kel enthalten ist, nie zu Gesichte kam. Der Inhalt des Artikels
60 1049 879 1112 ist mir also erst durch Sie bekannt geworden.
355 1113 1121 1172 Daß ich Sie irgend jemandem gegenüber
57 1164 1127 1221 als einen Mann bezeichnet habe, «den ich aus tiefster Seele ver-
59 1215 1114 1274 achte», stellt sich, wenn es hiefür noch eines Beweises bedarf,
55 1264 1121 1327 schon darum geradezu als eine Unmöglichkeit heraus, weil
