2524 3375
1656 130 2226 194 Zürich 13. Aug. 52.
274 342 837 427 Geehrter Herr!
169 403 2339 614 2 Todesfälle, die in meiner Familie vorgefallen sind haben
157 501 2368 707 mich gehindert Ihnen früher auf. Ihr werth Brief vom
165 602 2405 811 5 t diß zu antworten & zudem hat mir meine bevorstehende
173 701 2399 904 Abreise nicht gestattet, die Petrefakten, die Sie mir geschickt
144 794 2335 1019 haben, genauer zu betrachten. Da ich indeß denke Sie
174 867 2323 1099 werden Sie diese Angelegenheit bald abgethan wünschen,
164 974 2383 1200 so sende ich Ihnen dafür beiliegend 50 frcs, freilich ohne
182 1063 2384 1288 zu wissen, wie viel Sie erwartet haben. & nach dem was ich
161 1156 2339 1377 in der Eile habe sehen könen, in der Ansicht stehend die Petref.
156 1246 2363 1462 seien damit gehörig honorirt. Theilen Sie diese Ansicht
164 1332 2396 1556 nicht, so ersuche ich Sie mir poste restante nach Varena am
149 1405 2369 1673 Comer See zu schreiben, wo ich in ca 2 Wochen einzutreffen ge¬
166 1504 2396 1759 denke. Ihre andere Samlung betreffend ist es allerdings
166 1623 2363 1860 xxx daß sie noch in Salzburg liegen; haben Sie dafür kein
155 1717 2356 1955 andern Käufer, der Ihnen noch vor Ihrer Abreise dieselben
174 1807 2356 2043 abnimt & bezahlt so wäre es vielleicht am einfachsten
181 1918 2251 2130 sie in Frick liegen zu lassen, wo ich sie dan aber im
177 2005 2350 2231 Oktober nach Beendigung meiner Alpenreise ansehen könte.
172 2088 2346 2334 Ziehen Sie es vor, die Petrefakten nach Zürich zu schicken
150 2179 2341 2428 (da ich nicht weiß, in was Ihre andern Samlung bestehe,
184 2271 2373 2521 so kan ich auch nicht sagen ob sie irgendwie für unser Mu¬
169 2348 2390 2610 seum passen würden) wo sie vielleicht leichter ausgepackt
156 2451 2399 2732 & betrachtet werden könten, so bitte ich Sie nur dieselbe
191 2551 2328 2811 unter meiner Adresse aus aber mit deutlicher Bezeichnung
159 2649 2258 2901 der Kisten her zu schicken. Vielleicht hätte in dsm Fall
151 2726 2289 3003 Prof. Mousson die Gefälligkeit, die Sachen anzusehen &
153 2833 2351 3092 den Handel für unser Museum abzuschließen, wen es
163 2956 2248 3183 sich thun läßt. Wollen Sie mir darüber noch schreiben,
