1099 1440
52 15 1061 78 von Karlsruhe, einen sehr tüchtigen Schauspieler, der mehrere Wochen lang dort Gastrollen gab,
63 63 1092 124 als Ferdinand in Kabale u. Liebe sah; auch mehrere der übrigen Rollen waren recht gut besetzt.
61 102 1072 169 Meine wissenschaftliche Ausbeute auf der Bibliothek war nicht sehr bedeutend: mit Bezug auf den
64 147 1090 215 berühmten Codex hatte ich zwar das blos negative Resultat, welches ich wirklich fand, schon erwartet, aber
68 191 1092 258 auch sonst fand ich wenig für meinen Zweck Geeignetes. Jenes Resultat, mit dem ich allerdings die Anga-
70 237 1087 301 be vieler Bücher berichtigen kann, muß ich doch immer ein höchst unerfreuliches nennen, um so mehr da ich frü-
69 283 1076 344 her, ehe ich bestimmtere Nachrichten von diesem Codex hatte, sehr viel von demselben erwartete, nichts
65 322 1079 388 geringeres nämlich als eine uralte eigenthümlich glarnerische Rechtsquelle. Es ist nun aber derselbe
36 365 1087 432 blos eine – gewiß sehr werthvolle – Handschrift des Breviarium Alaricianum, der lex salica u. lex Alaman-
71 409 1092 474 norum mit Randbemerkungen von der mir wohl bekannten Hand Aegid. Tschudi's; daß aber nach die-
69 449 1092 515 sem Rechtsbuche einst die Meier von Glarus gerichtet hätten, muß ich für eine bloße Fabel hal-
70 497 1066 561 ten, da es mit der allgemeinen Geschichte der deutschen Rechtsquellen durchaus nicht übereinstimmt.
71 540 1069 606 Mehr positiven Nutzen fand ich im Archive, mit dessen innrer Einrichtung mich der sehr gefällige
77 585 1089 653 Ehrenzeller auf's genaueste vertraut machte. Da es mir als Historiker daran gelegen seyn muß, un-
78 630 1087 700 ser Archiv unter meiner Leitung zu behalten, so werde ich mir es nun auch angelegen seyn lassen,
88 681 1080 745 demselben eine zweckmäßigere Einrichtung zu geben, wobei mir das in St. Gallen Gelernte sehr
80 735 320 786 zu Statten kommen wird.
226 777 1088 840 Wenn ich nun auf diese Weise meine zwei Tage in St. Gallen auf sehr ange-
87 821 1095 892 nehme u. intressante Art zugebracht habe, so glaube deßhalb nicht, daß mein früherer Aufent-
85 870 1083 936 halt in Zürich in minder gutem Andenken bei mir stehe. Ich habe im Gegentheil seit meinem
90 918 1087 979 Abgange von der Universität mich bei Euch nie mehr so angenehm unterhalten, wie diesmal, wozu
90 957 1091 1022 namentlich beitragen mochte, daß ich so viele Freunde u. Bekannte, die früher noch zerstreut waren,
957 986 1008 1040 wieder
95 1005 1075 1066 nun wieder beisammen fand. In dir aber habe ich ganz den alten, bewährten Freund gefunden,
92 1049 1091 1116 u. du hast mir auf eine nicht genug von mir anzuerkennende Weise von deiner jetzt so kostbaren
90 1088 1097 1162 Zeit einige Tage geschenkt, wofür ich dir meinen innigsten Dank sage. Meinen herzlichsten Dank
99 1140 1071 1205 auch deinen verehrten Eltern für die freundschaftliche u. liebevolle Aufnahme, die sie mir
98 1190 1090 1249 auch diesmal wieder zu Theil werden ließen. Empfehle mich ihnen bestens u. grüße mir alle
97 1233 1079 1298 meine Freunde, namentlich Sinz, Zwicki, Schweizer, Nägeli. Schreibe mir recht recht bald wieder u.
284 1279 622 1332 sey herzlich gegrüßt von
732 1292 843 1345 deinem
893 1307 1056 1363 J J Blumer.
121 1339 387 1392 Glarus, 9. März 1842.
