2601 3554
681 540 1402 612 Verehrte Freundin!
272 771 2267 830 Mit Ihnen stehe ich recht viel Kreuz aus. Ich habe Ihnen einmal
122 876 2409 952 gesagt, d Sie an unserer Freundschaft durchaus nicht zweifeln sollen, u jezt zwei¬
119 991 2349 1062 feln Sie doch wieder lustig darauf los. Ich muß Sie am Eingange dieser Zeilen in¬
132 1095 2441 1159 ständig bitten, d Sie, selbst wen Wunder u Zeichen geschehen, nicht mehr zweifeln mögen.
102 1195 2381 1262 Es ist in der That eine Kränkung für mich, zu meinen, d ich ohne Grund meine
126 1290 2399 1360 Gedanken über Sie ändern werde. Ich verschenke meine Neigung nicht leicht, fordere
113 1371 2407 1461 sie dan aber nie mehr zurück. D ich Sie wie eine Fremde von uns wegstelle ist voll¬
109 1476 2425 1558 ständig nicht wahr, es ist nur wahr, d ich Ihnen schon sehr lange nicht geschrieben
101 1569 2466 1663 habe, u Ihren lezten Brief auch wieder 3 Wochen alt werden ließ. Das ist eine Thatsache,
99 1659 2464 1774 die mir jezt oft begegnet, die mir nur in meiner Jugend, da ich sonst nichts zu thun hatte, als
96 1756 2458 1874 aus Büchern zu lernen u Briefe zu schreiben, nicht zustieß. Später geschah es mir sogar
116 1859 2444 1971 gegen meine über alles geliebte Mutter. Es ist bei mir ein Zeichen, d ich Leute sehr liebe
102 1949 2448 2066 wen ich Ihnen schier gar nicht schreibe. Menschen, die mir gleichgültig sind, erhalten in der
105 2042 2464 2168 Regel sogleich eine Antwort in den wenigst möglichen Zeilen. Sie werden das sonderbar
86 2124 2491 2261 finden, aber es ist doch so begreiflich. Ich werde Ihnen ein mal den Grund mündlich auseinander¬
85 2213 2491 2348 sezen. Hier nur so viel. Gegen liebe Personen müßte ich so genau in Briefen mein ganzes
94 2306 2468 2443 Wesen aussprechen, dazu ist Zeit u günstige Stunde nöthig, u beides ist bei mir jezt so selten,
86 2407 2452 2538 u so verziehen sich zu meinem eigenen Schreken Monate, ehe ich zum Briefschreiben kome,
86 2488 2486 2628 ja gegen Josefienes Mutter ist es schon über ein Jahr. Und zu allem dem habe ich noch als Last
81 2572 2422 2723 Gewissensbisse. Und doch kan ich es nicht ändern. Schweigen gegen liebe Menschen ist nicht
66 2671 2424 2818 lieblos, ich kan sie im Schweigen imer fort lieben, aber ihnen einen kalten lieblosen
76 2770 2424 2911 gehudelten Brief schreiben ist eine lieblose Handlung gegen sie, die ich mir nicht ver¬
69 2877 2455 3022 zeihen könte. So ist es. Freilich ist es viel verlangt, d Freunde wissen sollen ich liebe
74 2984 2416 3123 sie im Schweigen fort; aber doch bin ich wieder so naiv, zu glauben, d sie es wissen müssen.
58 3091 2429 3221 Mir der Unmöglichkeit einer Änderung einfach bewußt, ist mir, das sei allen anderen auch klar,
