1397 1772
343 488 1309 542 Semerings durch Rampen, an deren Enden
368 538 1351 594 Ausweichgeleise projectirt wurden. Diese Idee
377 582 1366 644 scheinbar gut, hat wegen dem Wechsel der Loko¬
379 632 1365 691 motive und der großen Länge der Ausweichge¬
375 677 1361 740 leise keine Beachtung gefunden, im Falle der
372 727 1362 791 Auffindung bitte ich um die Erlaubniß, dieselbe
382 779 903 832 übermitteln zu dürfen.
449 834 1342 887 Mit dem Ausdrucke seines verbindlichsten
371 879 1377 937 Dankes und seiner vollkommensten Hochachtung
369 929 957 979 hat die Ehre sich zu zeichnen
233 998 698 1065 d. Wien den 15t August
398 1045 512 1095 1885
833 998 1356 1059 Euer Hochwohlgeboren
841 1381 1369 1450 gehorsamster Diener
781 1441 1311 1521 Franz Czerwenka
870 1481 1373 1543 Beh. aut. Civil-Ingenieur
