1217 1440
145 118 1164 174 in letztern immerhin mehr oder weniger einen Haltpunkt u. in letzter Zeit
138 161 1184 218 für ihre Theilnehmer wenigstens eine Zufluchtsstätte gefunden hat. Ich habe
135 200 1180 262 Gelegenheit gehabt in neuster Zeit den Profeßor Gustav Pfizzer u.
906 212 1034 265 genannten
149 236 1184 300 deßen Frau (eine politische Amazone), welche mit den Häuptern in in-
145 270 1152 332 timer Verbindung zu stehen scheinen, kennen zu lernen u. bin durch die
144 306 1208 369 Unterhaltung mit denselben zu dieser Ansicht gelangt. Würde also die Schweiz
142 337 1210 405 in einen ernsten Conflikt mit Deutschland oder Preußen gerathen, so könnte
139 370 1199 435 sie nur auf die Sympathien der dortigen Republikaner, d. h. des gerin-
135 403 1175 473 gern, von den Regierungen u. dem beßern Theil der Bevölkerung ver-
145 440 1202 507 folgten u. verwünschten Volkstheiles zählen, d. h. sie wäre ganz u. gar
141 476 1205 538 sich selbst überlaßen. Wenn daher geheime Intimationen erfolgten, d. h. auf
146 510 1197 574 eine Weise, daß das Decorum dabei gerettet wird, so könnte ich kei-
1110 531 1164 588 nicht
143 545 1188 605 nen genügenden Grund finden, sich ihnen zu widersetzen, zumal dann, wenn
145 581 1209 647 auch materielle Gründe in hinreichendem Maße vorhanden sind. Und darüber
138 612 1186 674 kann man, wenn man die ganze Geschichte des badischen Aufstandes, u. die
720 627 839 679 überschaut,
142 648 1182 705 Personen, welche sich dabei betheiligt haben, doch kaum im Zweifel sein!
148 686 1164 742 Leute welche eine republikanische Regierungsform einführen wollen
150 721 1190 776 u. statt mit der Macht der Überzeugung des Volkes u. der einer auf-
140 752 1161 808 richtigen u. allgemeinen Begeisterung u. Hingabe, mit allen Mitteln
151 788 1200 842 des Terrorismus ihre Plane durchzusetzen suchen müßen, verdienen
566 803 604 854 den
146 815 1183 875 schon um ihrer wahnsinnigen, Freunden noch mehr als den Feinden ge-
154 846 1193 907 fährlichen Überspanntheit willen keine besonders zärtliche Aufmerk-
154 882 1207 944 samkeit. Ich glaube der Bundesrath hat richtig geurtheilt, wenn er meint,
164 914 1169 976 die bloße Anwesenheit des Chefs in der Schweiz, sey für das benach-
161 944 1197 1007 barte Deutschland u. damit auch für jene gefährlich. Als Beispiel hie-
158 981 1175 1039 für kann ich die Äußerung Siegels, welche er zu RR. Weder ge-
159 1010 1137 1073 macht, u. die ich von diesem selbst erzählen hörte, anführen. Als
148 1047 1189 1109 Siegel im letzten Spätjahr in St. Fiden bei St Gallen verborgen lag,
147 1083 1190 1146 wollte man ihm das Versprechen abnehmen, daß er sich, allen solan-
140 1116 1179 1176 ge er sich auf St Gallischem Gebiete aufhalte, aller Umtriebe gegen
168 1149 1167 1209 die deutschen Nachbarstaaten enthalte. Er antwortete, daß er sich
178 1176 1164 1235 ruhig verhalten wolle, wenn es aber wieder losgehe, so werde
149 1206 1179 1270 man ihm nicht zumuthen, daß er im Exil zurück bleibe! So
154 1244 1202 1302 würden es Alle machen. Sie betrachten die Schweiz als einen Hinter-
155 1280 1161 1331 halt, aus dem sie bei nächster Gelegenheit wieder hervor-
164 1313 1200 1365 brechen. Könnte man es nun den Nachbarstaaten verargen, wenn
