1117 1440
617 38 1070 95 Lugano le 16 Décembre 1877.
366 133 737 185 Monsieur A. Escher
240 178 1017 231 Président de la Direction de la Gothardbahn
812 226 966 276 Zurich
419 316 1062 367 Mon séjour au dela des Alpes a été beau-
172 361 1007 411 coup plus long que je ne l'avais pensé d'abord.
431 406 990 459 En rentrant a Lugano j'ai
178 451 1098 502 trouvé votre estimée lettre du 29/30 Novembre déf.
160 496 1069 547 qui contient le reglement de la question
171 539 1083 595 pendante entre la Gothb. et Mesr Réalini et
162 590 324 642 Induni.
440 635 1064 689 Communication en avait déjá été
202 680 1085 733 donnée à ces Messieurs même avant ma
200 728 1103 780 rentrée. Il ne me reste donc qu'a Vous remercier
202 774 1087 825 Monsieur le Président, de la bienveillance et
195 817 1101 870 de l'empressement avec lesquels Vs. avez bien voulu
201 863 678 915 accueillir mes instances.
396 907 1082 958 Je forme des voeux pour que la
169 954 1096 1005 grande Oeuvre du Chemin de fer du Gothard à la
169 997 1107 1049 quelle Vs. avez consacré votre nom et votre travail
195 1045 1092 1097 trouve une prompte réalisation. Et j'espère que
192 1090 1087 1142 dans toute combinaison à venir le Monte Cenere et
196 1136 1058 1188 les districts méridionaux du Tessin ne seront pas
198 1183 396 1235 compromis.
374 1230 1105 1282 Veuillez agréer, Monsieur le Président, les sentiments
204 1271 1063 1327 de ma reconnaissance et de ma parfaite estime.
623 1322 996 1378 L. de Stoppani
