1145 1440
365 121 846 176 Hochgeachteter Herr u. Freund!
316 216 1131 288 Nachträglich überreiche ich Ihnen hier noch 3 Verpflichtungs-
241 252 1108 326 scheine für den Republicaner von den Herrn Reg.R. Rud. Sulzer,
246 282 1123 368 Herren Wäffler u. Stahel. Immer hoffte ich, die Sache noch weiter
245 313 1118 405 bringen zu können, was aber im gegenwärtigen Augen-
244 345 1101 438 blik wirklich eine Aufgabe ist! – Von einem Manne
216 368 1106 469 hätte ich noch etwas erwartet, der es ganz gut hätte
240 402 1120 500 thun können, zumal er sich nie besonders anstrengt
234 428 1143 548 u. doch mehr oder minder dafür gehalten seyn will; ich sagte
238 457 1078 566 dieß ihm auch deutsch heraus. – Da Sie mir meine
236 485 1102 594 Bemerkung in meinem letzten Schreiben nicht erwiederten,
229 513 1057 619 so hat auch Hr. Rüegg bis jezt nicht unterzeichnet.
268 564 1095 669 Die neuen Angriffe auf Ihre Person u. Ihre werthe
257 602 1110 699 Familie sind auch gar zu absurd, als daß Sie nicht
223 624 1087 731 jeden rechtlichen Mann empören müßten. Unsere
234 657 1106 761 Gegner zeigen sich wie verrükt, daß sie mit dergleichen
239 690 1073 791 Waffen fechten, deren Schläge nothwendig auf sie
197 717 1114 822 zurückfallen; darüber scheint mir nur eine Stimme
226 747 1083 852 zu herrschen. Dergleichen Erfahrungen sind auch ganz
233 781 1123 889 geeignet, für den Kampf gegen die Niederträchtig-
245 808 1063 906 keiten einer gewißen Claße von Menschen zu
227 833 1110 935 stächeln u. zu kräftigen; denn jeder der es kann,
221 864 1096 963 hat die heilige Pflicht auf sich, gegen einen solchen
238 894 1105 1002 Feind alter Pietät den Kampf auf Tod u. Leben
218 922 1133 1033 zu wagen; die Schlechtigkeit muß fallen u. die Wahr-
222 949 730 1022 heit muß siegen! –
259 995 1042 1080 Immer Ihr hochachtungsvoll ergebenster
878 1059 1121 1143 Huggenberger.
154 1043 757 1105 Winterthur den 26. Oct. 1845.
