2442 2987
855 486 1497 547 Hochwohlgeborner Herr,
713 729 1674 787 Hochzuverehrender Herr Archivrath!
565 1169 2263 1376 Recht sehr um Entschuldigung muß ich Ew. Hochwohlgeboren bitten, daß ich
540 1373 2253 1483 die beikommende Handschrift nicht früher zurückgeschickt habe; eine in den Osterferien
542 1471 2245 1612 gemachte Reise und dabei mehre unaufschiebliche Arbeiten, die ich im philologischen Se¬
551 1583 2292 1704 minar gleich beim Anfang des Semesters einzuliefern hatte, machten es mir unmöglich
552 1680 2311 1814 die Abschrift der ganzen Handschrift früher zu vollenden. Da ich Weihnachten mein Examen
530 1794 2282 1923 hier zu machen wünsche, so würde es mir freilich diesen Sommer nicht möglich sein, an
543 1890 2254 2018 die eigentliche Bearbeitung anders als nur ab und zu zu gehn, was mich aber wohl
531 1995 2290 2124 zerstreuen und der Arbeit selbst mehr schaden als nützen würde. Ich halte es im Gegen¬
542 2100 2284 2223 theile für viel förderlicher, sie in dieser nächsten Zeit zurückzulegen und dann das letzte
542 2207 2291 2321 Vierteljahr, was ich ganz für mich haben werde, ihr ausschließlich zu widmen so daß ich dann
530 2293 2286 2408 unzerstreut, und im steten Zusammenhange daran arbeiten kann. Da Ew. Hochwohlgeboren
2141 2404 2270 2500 zunächst
