1206 1440
765 2 1128 62 Basel, den 1 Decembr. 37.
204 113 581 169 Mein theurer Alfred!
50 151 1097 219 Es wird mir gewiß recht schwer auf deinen lieben, mir ewig unvergeßlichen Brief zu
53 192 1124 254 antworten; was ich gerne sagen möchte, muß ich in die Brust zurückdrängen, um männlich
42 224 1117 293 denkend &amp;. fühlend vor dir zu erscheinen. Nur den einen Wunsch, die eine tröstende
45 265 1125 329 Hoffnung kann ich nicht unterdrücken: im Leben das darstellen, das durch Thatkraft aus-
52 307 1126 368 drücken zu können, was sich so mächtig im Innern für dich reget. Schon als Knabe schien es
55 348 1144 409 mir ein schöner Tod zu sein, für den Freund zu sterben, &amp;. jener Spruch unseres Herren:
54 388 1136 452 «Niemand zeigt größere Liebe, als wenn er sein Leben lässet für seine Freunde», machte
47 428 1151 494 stets einen tiefen Eindruck auf mich. Wie vieles liegt in diesen Worten! Wie herrlich, göttlich,
52 476 1126 537 muß das Gemüth sein, welches solche Liebe auch ausübte. – Diesen &amp;. keinen andern
55 516 1161 580 Maaßstab mag ich anerkennen für innige, wahre Liebe, und um so eher, als ich nur dann
41 559 1128 625 das Leben würdig zu schätzen erachte, wenn ich einst geschickt sein werde, es jeden Augenblick
43 605 1171 672 für das Gute &amp;. Wahre zu opfern. Aber wenn jene Worte nur die Grenze bezeichnen unserer
47 650 1157 716 Liebe als That, wie vieles liegt innerhalb derselben, wie vieles zwischen Selbstaufopferung
44 692 1134 754 im Streben &amp;. zwischen Liebe als bloßes Gefühl. Und das Vaterland, das alles, was uns
45 732 1115 794 theuer ist, umschließt, verdient es etwa weniger Liebe, als der einzelne Freund? es
55 777 1113 838 fordert aber nur von wenigen jenes größte Opfer, aber selbst den kleinsten sucht
48 823 1150 880 man sich zu entziehen. – Welche Freundschaft!? Welche Vaterlandsliebe!? O, diese heiligen
48 866 1118 924 süßen Worte erfahren so unwürdigen, traurigen Mißbrauch. Von wem werden
49 911 1123 969 sie gemißbraucht, etwa nur von Ungebildeten. Ich zweifle. Wenn aber Gebildete
43 954 1124 1014 bloß ihr Inneres zu zergliedern, das Gemüth allein in vielfache Eigenschaften
51 1000 1116 1060 zu spalten wissen, wenn, was sie Liebe nennen, bloß als künstlich entwickeltes
50 1047 1138 1105 und gebildetes Bewußtsein sich ohne Herzensgrundlage in ihnen findet, wenn sie nicht
45 1096 1147 1152 edler handeln und großherziger als Ungebildete, sind sie nicht viel selbstsüchtiger, ver-
49 1140 1122 1196 achtungswürdiger als diese, die nicht wissen, warum sie lieben, warum sie fühlen, &amp;.
50 1183 1124 1241 doch der Liebe Werke thun. Wer arbeitet, sei er Laie od. Nicht-Laie, ohne daß
47 1221 1173 1289 irgend eine höhere Idee ihm vorschwebt &amp;. ihn belebt, den halte ich nicht für Freundschaft
40 1264 1127 1330 fähig im edlen Sinne des Wortes, aber alle möchte ich Freunde nennen, &amp;. sind es
44 1301 1159 1376 auch, ob sie auch Sternenweite trennte, welche etwas Höheres kennen, als sich selbst.
