1264 1648
67 84 1190 189 kennen zu lernen und sende Ihnen
63 180 1138 296 als Zeichen meiner wärmsten
80 280 1217 414 Anerkennung beifolgendes Drama.
62 398 1256 537 Ich könnte aus meiner eignen Jugend¬
77 521 1256 649 geschichte Belege für so manchen Ihrer
84 635 1236 765 Sätze anführen: ich ward confirmirt
81 747 1242 892 mit 15/16 Jahren in Grima: während
95 865 1220 988 ich bereits Aristoteles und Spinoza
84 970 1256 1095 studirte, mußte ich im Confirmations
85 1095 1185 1215 Unterricht noch alle Mirakel beider
63 1220 1256 1334 Testamente als Glaubenssätze hinnehmen.
89 1325 1256 1429 Ich verweigerte die Ablegung des Glaubens¬
86 1443 1208 1532 bekenntnißes vor der Confirmation
97 1523 1206 1609 und setzte durch, daß ich auf eine
