2542 3061
2341 14 2376 66 1
750 668 1406 728 Hochgeehrter Herr Geheimrath.
678 1071 2183 1143 Heute Morgen ist von der Hahnschen Buchhandlung der letzte Bogen und
439 1172 2196 1233 Titel des Chr. N. gekommen, aber leider ohne das dazu gehörende Manuscript.
461 1271 2185 1339 Da also die Correctur unmöglich ist, habe ich gleich nach Hannover geschrieben, und
467 1369 2125 1433 gebeten es nachzuschicken. Zugleich sind 3 Exemplare vom 4. Bogen der
483 1469 2164 1555 Oktavausgabe angekommen — ich vermuthe auch dabei ein Mißverständniß
489 1568 2191 1648 da ich die ersten 3. zum Register nicht habe, und habe darum gebeten. Könnte
465 1661 2161 1749 ich wohl Ihr Exemplar der Aushängebogen der Folioausgabe bekommen, um
480 1759 2171 1858 die Anmerkungen zum Reg. zu benutzen? Es kann freilich auch warten,
484 1874 1364 1958 bis Sie wieder zur Stadt kommen.
1400 2051 1599 2101 Ergebenst
387 2332 990 2397 Berlin d. 10. Juli 1845.
1553 2322 1994 2388 W Wattenbach.
