1640 2576
1526 38 1564 88 1
1025 148 1618 219 Lausanne, 17 August 1879
542 511 1375 576 Sehr geehrter Herr Geheimer Rath!
725 2359 1440 2413 Mit hochachtungsvollem Gruß
824 2436 1434 2498 Ihr aufrichtig ergebenster
1130 2515 1411 2575 H Bresslau
223 629 1603 724 Bei meiner Anwesenheit in Engelberg vorige Woche habe ich
233 731 1610 823 Gelegenheit gehabt, den Codex des Chr. Suev. noch einmal ein¬
233 833 1629 942 zusehen und mich zu überzeugen, daß die uns gesandte
243 927 1566 1007 Collation resp. Abschrift in einem Punkte ungenau ist.
247 1013 1590 1100 P. Gottwald hat in derselben von 1010 - 1024 (resp. nach den
240 1114 1617 1200 falschen Zahlen des Cod. 1012 - 1026) eine Lücke angedeutet, die
252 1207 1575 1274 in Wirklichkeit nicht existiert. Ich habe nun die in unserer
249 1278 1595 1378 Abschrift fehlenden Jahre copirt und sende Ihnen eingeschlos¬
252 1365 1612 1454 sen meine Copie; für den Fall, daß ich nicht selbst eine Cor¬
248 1450 1619 1555 rectur lesen kann, würde ich Ihnen sehr dankbar sein, wenn
261 1526 1609 1632 Sie die große Güte haben wollten, bei der Correctur die Les¬
250 1635 1579 1736 arten der Engelberger Handschrift einzutragen. Ebenso habe
255 1725 1615 1816 ich die Jahre 1040 - 44, deren Lesarten Gottwald nicht notirt hat¬
259 1805 918 1874 te, mit Pistorius collationirt.
402 1896 1525 1995 Ich bin bis jetzt mit den Ergebnissen meiner Reise
272 1988 1541 2061 sehr zufrieden. Bis auf ein einziges Stück habe ich von
267 2079 1595 2158 sämmtlichen in der Schweiz vorhandenen xxx der salischen
264 2163 1588 2250 Periode Schriftproben nehmen können und manche diploma¬
265 2266 1179 2345 tisch sehr interessanten Urkk. gefunden.
