2741 3362
2539 86 2591 136 2
657 594 1372 657 Hochgeehrter Herr Geheimrath
874 838 2387 907 Beiliegende Correcturbogen habe ich heute aus Hannover bekommen
553 940 2387 1023 und da ich mich nicht recht daraus vernehmen kann und keine Instructionen für
567 1059 2339 1139 diesen Fall habe, glaubte ich dieselben doch Ihnen zuschicken zu müssen.
564 1183 2408 1261 Ich möchte zugleich bitten, mir für künftige Fälle anzugeben, was mit diesen
562 1303 2400 1380 Sachen zu thun ist. — Den Bogen des Archivs hatte ich schon, nach Rücksprache mit
556 1431 2393 1492 H Dr Wilmans in dem andern Exemplar nach Hannover geschickt; gestern
558 1566 2363 1617 schickte ich die Vorrede der Ann. Imp. ab und schrieb Ihrem Auftrage gemäß
568 1687 2335 1748 an Herrn Dr Grotefend. — Heute traf noch ein Doppelbogen von Leo ein; erst
567 1800 2091 1864 der zweite. Ich werde ihn gleich corrigiren und zurückschicken.
571 1937 2367 1998 Sehr habe ich mich gefreut, durch Herrn Dr Friedlaender zu erfahren, daß es Ihnen
568 2067 2324 2122 und den Ihrigen wohl geht, und hoffe daß es so bleiben möge. Ihrer Frau
591 2186 1771 2239 Gemahlin bitte ich mich bestens zu empfehlen.
192 2357 992 2410 Ein Exemplar des Bogen 25. vom Archiv
200 2438 993 2494 brauche ich wohl nicht zu berücksichtigen — doch
527 2490 593 2548 mit
191 2513 986 2583 schicke ich es lieber nicht, werde aber nach Hann.
188 2595 951 2663 schreiben daß der Druck danach nicht zu
191 2678 532 2734 warten brauche.
1309 2495 2012 2555 Mit aufrichtigster Hochachtung
338 2867 876 2931 Berlin d. 16 Juli 1846.
1730 2979 2197 3039 W. Wattenbach.
