1586 2544
1475 70 1505 121 1
1014 73 1390 136 Roma 23. I 77.
351 331 1087 406 Verehrter Herr Geh. Rath!
204 479 1492 590 Weit länger als ich es hatte voraussehen können, hat
224 550 1452 655 mich die Abschrift der Ann. Cameracenses in Anspruch
230 631 1531 732 genommen; erst heute komme ich dazu Ihnen mein Ms.
231 688 1489 803 unter Kreuzband recommandirt zuzusenden. Es ist die
228 791 1488 888 Schrift dieses codex wohl die schwerste u. unleserlichste, die ich
229 867 1552 995 jemals vor mir gehabt habe. Es erforderte ein eigenes Studium
244 953 1526 1046 sich einzulesen. Zuerst fiel meine Copie lückenhaft genug
243 1015 1515 1119 aus, aber durch mehrmaliges Nachcollationiren konnte ich
256 1094 1553 1190 dann das Meiste durchaus sicherstellen. In etlichen (ca 50)
265 1172 1562 1269 Fällen blieb ich trotzdem erfolglos oder mindestens zweifel¬
262 1234 1545 1356 haft, aber ich denke meine genauen Abzeichnungen dieser
257 1324 1519 1419 betreffenden Worte werden dem, der sich mit größerer
248 1383 1543 1508 Kenntniß des Alt-französischen als sie mir zu Gebote steht,
261 1480 1476 1581 an die Bearbeitung macht überall zur richtigen Lesung
275 1552 1555 1656 Anhalt geben. Notizen über die Handschrift u die Art der
263 1641 1536 1744 Buchstaben lege ich über dieß der Abschrift bei. Noch erlaube
252 1719 1547 1813 ich mir zu bemerken daß der Text dieser Handschrift (Christ.
264 1793 1494 1893 760) von dem Bethmanschen Text in MG SS. VII nicht
266 1867 1516 1966 unerheblich abweicht. Als ich lediglich zur Leseübung einer
286 1934 1556 2048 kurzen Abschrift verglich konnte ich dies vollauf bemerken.
259 2017 1505 2126 Falls nun, wie ich glaube, die vorhergehenden Theile noch
281 2080 1559 2197 nicht collationirt sind, u. doch die Collation über kurz oder
269 2174 1538 2288 lang nöthig werden wird, erbiete ich mich gerne auch diese Ar¬
281 2231 1470 2346 beit für die Scriptores zu übernehmen. Denn durch ein
275 2326 1563 2441 mühsames Einarbeiten, Vergleichen u. Combiniren bin ich schließ¬
