1159 1440
491 17 1134 67 5, Great Winchester St. Buildings
728 59 1075 110 8, Old Jewry London E. C.
716 112 1079 164 1st March  18672
165 210 788 265 To the Chairman of the
269 262 1001 315 St. Gothard Railway Company
482 311 686 363 Berne
134 361 264 414 Sir
281 410 1132 464 Having been informed that you are
70 457 1128 513 about to commence the St. Gothard Tunnel,
68 506 1141 560 I beg to forward for the information of your
56 556 1133 609 Board a printed extract from the report of
64 607 1107 660 The Minister of Public Works of France
58 657 1143 710 relating to our rock-boring machine; and I
50 706 1144 761 beg to intimate that my Company is prepared
59 756 1141 811 to enter into negotiations with you for driving
55 804 907 861 the heading of any tunnels required.
155 854 1141 908 Captain Penrice, late Royal Engineers, the
47 903 1138 957 Patentee and consulting engineer of this Company,
51 954 1133 1005 will be at Berne shortly, and, on my hearing
44 1004 1117 1057 from you regarding this matter, I shall be
55 1054 1129 1109 happy to ask him to call on you to give you
64 1103 913 1154 any further information you require.
377 1152 768 1206 I am, Dear Sir
344 1203 796 1257 Yours very truly
456 1269 1113 1323 Major
674 1306 953 1358 Chairman
