1142 1440
147 147 1091 199 Herr Pioda war nämlich sehr entmuthigt – und
147 188 1071 240 hatte alle möglichen Bedenken mich zu den
158 229 1084 284 Ministern zu begleiten –. oder eine Audienz
153 272 1107 324 für mich bei Lanza und Sella zu verlangen!
153 314 1114 369 Heute hingegen glaube ich Sie versichern zu können
157 357 1103 410 daß der Beschluß innerlich schon nicht mehr besteht.
932 372 1113 428 bestehtgeführt wird
155 398 1106 453 Da kein Protocoll des Ministerraths ...
153 442 1114 493 sondern die Herrn nur mündlich – über diese oder
160 485 1068 537 jene Haltung übereinkommen – beinah wie
166 525 1103 580 in Graubünden wo die 3 Regierenden den
157 566 1106 623 Hut auf dem Kopf – dem Canzlei Director ins
176 611 1114 687 andere Zimmer herüberrufen – was sie beschloßen –
402 626 473 679 auch
159 652 1114 706 so komt es dem italienischen Ministerium nicht
165 692 1108 748 schwer an – von Beschlüßen – die der eine so – und
169 739 1113 789 der andere anders – aufgefaßt hat wiederum
165 776 1101 831 abzugehen – da der frühere Beschluß nirgends
162 818 1107 873 fixirt ist und das «Scripta manent» daher keine
176 861 645 913 Anwendung finden kann.
169 901 1100 956 Zuerst sagte mir der Director der römischen
160 944 1111 999 Bahnen de Martino – «Je puis vous assurer que
137 984 1107 1038 Sella est disposé de revenir de l'ajournement
140 1029 1112 1082 il s'est trompé, et sait que cet ajournement
133 1073 1096 1125 fait un très mauvais effet; donnant lieu
124 1112 1102 1168 à des interprétations très fausses – comme si
131 1160 1117 1238 le ministère eut plié durant des insinuations
127 1198 467 1249 de la France ».
