919 1440
408 32 790 93 Basel den 3t 9bris 1864.
99 150 598 209 Mein lieber Herr &amp; Freund!
84 266 902 318 Ihre interressanten Mittheilungen von vorgestern
58 318 893 373 bedanke Ihnen bestens und lasse den Brief Pioda's
58 364 417 418 wieder zurückfolgen.
66 415 902 474 Auch nach den Aeußerungen Jacini's ist es von höchster
33 470 902 540 Wichtigkeit, daß unser technisches Gutachten baldigst
45 518 855 580 geboren werde und ich zweifle nun nicht mehr, daß
53 570 832 628 dieses in Folge der Anwesenheit Bekh's in Zürich
45 624 892 678 unter Ihrer kräftigen Intervention &amp; Leitung ge-
36 674 338 726 schehen werde. –
41 720 896 785 Die Zeitungen melden «Der Italj: Minister der öffentl.
50 776 883 839 Arbeiten begebe sich nach Florenz um die Uebersiedlung
47 828 883 887 der Capitale zu beschleunigen.» Dieser Umstand
53 883 882 939 wird möglicherweise eine Hinausschiebung unserer
46 937 876 996 Reise nach Italien zur Folge haben, was ich nicht
48 991 890 1053 im Interesse der Gotthardtsfrage ansehen könnte,
49 1045 892 1109 denn Italien muß ohne Verzögerungen auch von uns
57 1097 864 1163 occupiert werden. – Vielleicht ist Jacini auch
39 1153 730 1212 geneigt uns in Florenz zu empfangen?
41 1213 893 1274 Vor einigen Tagen habe eine Brochüre sous bande er-
37 1262 863 1320 halten betitelt «il Settimo od il Lucmagno memoria
39 1305 863 1371 dell Luigi Tatti 1863.» Worin folgende Stelle vorkömmt
