1500 2368
1423 59 1459 109 1
299 386 1292 480 Sehr geehrter Herr Professor!
181 532 1411 639 In Brüssel finde ich endlich Zeit, über die
76 647 1460 758 Arbeiten zu berichten, welche ich in Nordfrank¬
84 751 1494 894 reich für die Abtheilung Scriptores gemacht habe.
888 930 953 986 in
148 911 1462 1022 1. Arras. Collation (der Handschrift 453,
49 1016 1469 1135 anc. 364) der Chronik des Andreas von Mar¬
65 1125 1468 1232 chiennes: prefatio, prologus libri I. II. III., Text
61 1217 1447 1322 von lib. III cap. 3 — 5. Der Rest fehlt leider in
68 1319 1458 1431 der Handschrift, welche einen sehr guten Text
57 1430 311 1496 bietet.
111 1513 1413 1610 2. Douai. Hier konnte ich nichts ausrichten,
47 1610 1433 1701 und bedauerte ich, keine genaueren Instruc¬
39 1717 1446 1813 tionen zu haben. Denn in cod. 799 findet sich
38 1828 1464 1927 nicht der mir unter Acta SS. Mai 3, 89 bezeichnete
36 1919 1445 2019 Text. Der Codex enthält aber Schriften, welche
34 2003 1431 2107 ebenda 118 — 120. 120 — 140. 140 — 154 gedruckt
52 2107 1445 2209 sind und sich auf die Geschichte der Marchien¬
