1124 1440
564 66 1013 117 Aarau, den 28. Febr. 1857.
390 185 897 237 Verehrtester Herr &amp; Freund!
370 285 1089 339 Ihre verehrliche Einladung zur Sizzung
317 327 1097 389 des Schulrathes habe ich erhalten. Da ich aber
314 370 1091 429 bereits auf jene Tage einen Konkursprü-
311 409 1091 469 fung angesezzt hatte, die sich nicht mehr ver-
311 451 1095 510 tagen ließ; so wäre es möglich, daß ich der
310 493 1086 563 Sizzung vom 4. März nicht bewohnen könnte,
312 535 1082 602 in welchem Falle Sie mich dann gefälligst
315 572 1111 639 entschuldigen wollen. Ich werde übrigens mein
312 607 1102 677 möglichstes thun, um schon am ersten Tage
311 640 1064 717 an den Verhandlungen Theil nehmen zu
306 698 456 757 können.
366 725 1101 798 Die leidige Eisenbahngeschichte, bei der es
308 766 1070 834 mir immer unheimelig wurde, so oft ich an
304 800 1087 875 sie dachte, ist leider noch viel schlechter
315 835 1074 910 &amp; schmählicher ausgefallen, als ich früher be-
303 877 1094 957 sorgte. Ich fühlte zwar wohl, daß die Frage schwer-
312 912 1081 995 lich mehr vom gemeinen Geldmarkte werde
307 949 1063 1037 herunter zu bringen sein. Darum sah sich
312 987 1066 1073 auch die Regierung genöthiget, einen Antrag
301 1026 1084 1115 zu bringen, der das Sauerbeck sche Gutachten
307 1063 1042 1153 &amp; den Geldmarkt alternativ vermittelte.
308 1095 1067 1191 Sie sagte: Zweigbahn oder Geld, &amp; wollte
305 1128 1095 1228 der NOBGesellsch. wenigstens die Wahl des einen
307 1160 1074 1265 oder andern laßen, um nicht den Schein der
308 1202 1061 1297 Beutelschneiderei auf den Kanton zu werfen.
