2698 4512
1631 214 2610 293 Noten zum Text.
1424 356 2665 412 a) Ich kann nicht ganz
1436 469 2696 558 einstimmen mit dem, was Herr
1464 609 2690 686 Hëllmann auf der ersten Seite
1478 742 2695 803 seines Blattes sagt. Diejenigen,
1425 859 2679 926 däucht mir, haben Recht, welche
1424 975 2667 1043 da meinen, bis auf die Begründung
1403 1100 2637 1160 des sogenannten Teutschen Reichs
1384 1213 2639 1273 im engern Sinn (bis zum Tod
1399 1328 2649 1394 Ludwigs des Frommen) hange d
1393 1457 2666 1514 Geschichte aller germanischen
1403 1566 2677 1647 Stämme noch viel enger zusammen
1407 1679 2695 1787 als späterhin, wo sich alles mehr
1407 1792 2685 1880 löst und zu eigener besonderer
1407 1909 2689 1984 Gestalt entwickelt. Ich mögte
1388 2028 2688 2097 also den Tornacensis P. Diacon
1396 2119 2680 2190 Gregor. Tur. Fredegar etc. aus
1395 2224 2694 2297 der Sammlung nicht ausgeschlossen
1369 2337 2641 2403 wissen; ja ich mögte selbst
1409 2456 2672 2516 das Wenige, was j. H
1393 2575 2686 2636 die Spanier und Angelsachsen
1366 2711 2649 2773 vom 5n bis 9n Jahrhundert
1369 2842 2661 2894 von histor. Denkmälern haben
1375 2957 2675 3024 als hieher gehörig mit ein
1382 3088 2658 3149 geschlossen wissen, zumal
1392 3214 2674 3281 da dies keine xxx xxx
1406 3349 2688 3418 giebt; ja selbst die Skandina¬
1379 3480 2696 3560 vier würde ich mit einschließen;
1383 3606 2645 3671 die haben aber aus jener
1367 3729 2685 3794 Zeit bloß mythische Denkmäler,
1390 3853 2646 3917 die, wo sie historisch sind,
1359 3978 2692 4049 doch wenigstens von uns Teutschen
1394 4100 2669 4160 aus Mangel an Hülfsmitteln
1369 4219 2659 4277 und Vorkenntnißen bis zulzt noch
1366 4340 2646 4409 nicht kritisch behandelt werden kä
574 721 1049 813 15 Jun 1818
