1324 2096
1257 88 1288 139 1
675 121 1195 188 Kiel 14 Aug. 81.
683 231 1245 298 Muhliusstraße 6.
175 456 1131 518 Sehr geehrter Herr Geheimrath,
80 618 1252 676 Nur mit einer gewissen Ueberwindung
84 708 1314 780 unternehme ich es, Ihnen ein Anliegen vor¬
82 796 1312 867 zutragen, welches sich auf meine eigene Per¬
66 887 1267 945 son bezieht; und ich wage es nur in der
67 969 1181 1029 Hoffnung, daß Sie, wenn Sie dasselbe
73 1056 1295 1114 einer Beantwortung würdigen sollten, sich
70 1150 1299 1218 nur von sachlichen Erwägungen werden
68 1236 429 1293 leiten lassen.
57 1331 1306 1407 Vor etwa 2 Jahren theilte mir Herr Geheim¬
62 1418 1286 1496 rath von Giesebrecht mit, daß die Direction
53 1499 1282 1577 der Monumenta Germaniae eine Hülfsar¬
59 1586 1254 1640 beiterstelle zu besetzen habe, und fragte
53 1667 1247 1727 mich, ob ich etwa zu einer derartigen
