1121 1440
188 98 1112 150 responsables des désordres. Mais déjà l'orage passait des dissidents sur l'Eglise
175 126 1107 180 nationale. Le Grand-Conseil n'ose proclamer la liberté religieuse dans la
175 161 1114 212 Constitution, et peu après il adopte comme principe d'une loi future que le
175 187 1118 243 salaire sera retranché à ceux des pasteurs nationaux qui fonctionneront
175 220 1107 276 hors des heures du culte officiel et dans d'autres lieux que les temples. Ceux
698 238 747 288 faire
158 250 1115 308 qui soutinrent cette mesure s'efforcèrent de confondre les pasteurs et les dissi-
177 279 1113 338 dents, et les réunions libres présidées par les pasteurs avec les assemblées
170 313 1115 371 séparatistes, tandis que les doctrines de nos pasteurs ne sont autre que celles con-
176 348 1115 399 nues en Allemagne sous le nom d'orthodoxes et de piétistes, et qui ne sont
164 375 1114 432 nullement séparatistes. Les pasteurs, qui avaient déjà plaidé pour la liberté
166 470 1107 528 religieuse, protestent contre la décision du Grand-Conseil au nom de la liberté
167 403 1116 464 du ministère. On ne les honore pas même d'une réponse. Vint la proclamation
170 439 1114 494 du 3 Août; le refus de la lire fait par plusieurs pasteurs. Le Conseil d'Etat, qui n'a-
164 501 1114 562 vait pas le droit de préjuger la question, les traduit comme rebelles devant le peuple
163 535 1117 590 dans une Circulaire. Une consultation des avocats prouve que les pasteurs ont
159 569 1115 624 agi légalement; les Classes les absolvent, le Conseil d'Etat les punit, et accompa-
157 596 1116 659 gne sa sentence de Considérants dans lesquels il prétend faire des pasteurs
156 630 1106 690 de simples fonctionnaires de l'Etat et où il leur enlève tout caractère religieux.
157 662 1116 726 Là-dessus les Pasteurs s'assemblent, et, en donnant leur démission, revendiquent
160 697 1116 759 la liberté de l'Eglise. On a élevé bien des opinions sur cette démission; beaucoup
580 716 660 773 les pasteurs
161 730 1114 791 l'ont blâmée; pour moi, je crois que 'il n'ont fait que leur devoir; mais qu'il en
154 764 1111 826 soit ce qu'on voudra. La démission a été provoquée par l'arbitraire du Conseil
157 795 1112 855 d'Etat; c'est un fait patent. Après cela le Conseil d'Etat demande au Grand--
160 825 1102 888 Conseil des pleins-pouvoirs législatifs, et le Grand-Conseil les lui accorde.
164 858 1108 922 Là-dessus le Conseil d'Etat invite une partie des pasteurs à rentrer, mais sans leur
162 890 1105 951 accorder même en un seul point; «ce que», dit une autre Circulaire, «ils appellent des
151 918 1111 988 garanties». Un certain nombre de pasteurs acceptent, les autres restent fermes
167 953 1109 1019 et veulent continuer librement leurs fonctions pour ceux qui leur sont attachés.
159 980 1112 1050 Des disordres ont lieu à Lausanne; ceux qui veulent assaillir l'Oratoire sont re-
144 1014 1107 1085 poussés avec perte, et le Conseil d'Etat interdit les réunions religieuses à Lau-
158 1049 1112 1121 sanne, annonçant qu'il en fera de même dans toutes les localités où l'on trou-
156 1080 1109 1154 blera l'ordre. C'était en effet assez clair et assez encourageant pour les ennemis
156 1120 1106 1187 des réunions. Cependant l'orage se calma; et, sauf des menaces, tout fut pai-
164 1149 1114 1217 sible pendant quelque temps. Le Conseil d'Etat lui-même recommanda
157 1186 1107 1252 aux préfets de protéger les réunions religieuses tenues dans des maisons
140 1219 1100 1285 particulières. Maintenant le vent a de nouveau tourné à la tempête;
162 1255 1106 1319 tu sais l'indigne traitement que Monnard a subi à Montreux; les réu-
160 1288 1108 1353 nions viennent d'y être défendues. Un garde-forêt a été destitué pour
