1097 1440
137 76 1066 142 Was nun den Ausweisungsbeschluß selbst betrifft, so bin ich
140 146 1058 205 im Allgemeinen ganz mit Ihnen einverstanden, und
142 218 1092 290 es ist allerdings richtig, daß derselbe als Folge irgendwelcher
129 286 1092 344 Einschüchterung umsomehr erscheinen mußte, als von dem
145 358 1091 416 Resultate der in Basel gepflogenen Unterhandlungen sonst
145 427 1065 483 durchaus nichts verlautete und die Ausweisung sich nicht
150 498 1084 549 etwa nur auf solche bezog, welche schon einmal das Asyl
156 567 1045 623 in der Schweiz genoßen haben, sondern schlechtweg auf
155 644 1045 697 alle Militair- und Civilführer. Der weitere Umstand,
155 720 1046 772 daß die Maßregel so ganz vereinzelt genommen wurde,
154 791 1071 846 war eben so geeignet, sie in einem sonderbaren Lichte
159 867 1062 921 erscheinen zu laßen und wirklich drängte sich mir un-
157 940 1077 997 willkürlich die Frage auf, ob man etwa der Schweiz durch
150 1015 1092 1073 Einschüchterungen oder gar leise Drohungen diese Ausweisung
689 1051 899 1106 das Bedenken
156 1086 1069 1144 abgedrungen habe und zu gleicher Zeit, ob es gut seie, solche
155 1154 1044 1206 Maßregeln so vereinzelt zu treffen, ob nicht vielmehr
155 1222 1088 1273 die Rückgabe der Waffen, die Amnestie für die große Masse
159 1285 1039 1337 der Flüchtlinge, die Entfernung der deutschen Truppen
150 1344 1043 1405 von unsern Gränzen, und dann möglicherweise auch die
