1690 2656
932 59 1387 117 Innsbruck 1875 Apr. 27.
457 428 1045 487 Hochverehrtester Herr Kollege!
270 581 1646 655 Die ehrenvolle Aufforderung, welche Sie in Ihrem Schreiben vom 23. d. M. an mich rich¬
215 685 1621 763 teten, kam mir in so fern nicht ganz unerwartet, als mir Dümmler schon einmal
226 784 1652 861 vor längerer Zeit schrieb, daß man in dieser Richtung an mich denke. Der Gegenstand
232 880 1612 958 ist daher längst von mir in Erwägung gezogen. Aber ich bedaure lebhaft, jetzt auch
231 991 1307 1057 Ihnen nach bester Überlegung nur ablehnend antworten zu können.
268 1088 1669 1158 Ich kann dabei ganz von der Frage absehen, in wie fern die Gründe, welche mich, wenn
211 1183 1635 1260 mich eine Wahl in die Kommission getroffen hätte, von der Annahme abgehalten hätten,
209 1281 1638 1360 mich auch zur Ablehnung Ihrer Aufforderung bestimmen müßten, da die anderweitigen Gründe
214 1384 1641 1459 an und für sich ganz ausschlaggebend sind. Nur insofern Sie bemerken, daß die Bearbeitung
215 1487 1660 1562 noch einer weiteren Abtheilung in Österreich an und für sich wünschenswerth sei, möchte ich da Ihnen
212 1588 1646 1660 gegenüber mit meiner entgegengesetzten persönlichen Ansicht nicht zurückhalten. Unter andern
220 1680 1661 1763 Verhältnissen hätte allerdings, wenn irgend etwas, gerade dieser Gesichtspunkt mich bestimmen
840 1747 929 1798 setzen
220 1785 1647 1860 können, alle andern Rücksichten hintanzuhalten. Aber nachdem einmal das Unternehmen demon¬
227 1880 1624 1959 strativ unter Leitung der Berliner Akademie gestellt und zur deutschen Reichsangelegenheit
224 1983 1673 2058 gemacht wurde und man das später nicht mehr rückgängig machen konnte oder wollte, schien mir
211 2087 1641 2160 das einzig Richtige, daß Oesterreich als solches und die Wiener Akademie dem Unternehmen
221 2182 1651 2259 überhaupt fern blieben, was dann ja nicht ausschloß, daß österreichische Gelehrte sich daran
225 2288 1645 2360 betheiligten, wie das auch bei schweizerischen oder niederländischen Gelehrten der Fall sein
224 2386 1662 2460 könnte. Das hätte mir das Natürliche geschienen, wenn man einmal von der gegenwärtigen poli¬
221 2491 1652 2561 tischen Gestaltung nicht absehen wollte oder konnte. Dagegen widerstrebt mir durchaus eine
