1099 1440
322 90 859 147 Werthgeschätzter Herr &amp; Freund!
336 164 1072 217 Weit entfert Ihren Ansichten &amp; Ueberzeugung, als
305 201 1072 267 Mitglied des H: Erziehungsrathes vorzugreiffen
306 250 1059 309 erlaube ich mir, im Intresse unserer Schule, die
298 296 1097 350 Wünsche, mit denen alle besser gesinnten Schulfreunde
301 337 1069 399 in unserer Gmde. einig gehen, mit zu theilen, mit
300 380 1084 447 der ehrerbietigen Bitte, dieselben bei dem näch-
298 423 1085 490 stens zu bildenden Dreiervorschlag gefälligst zu be-
300 477 465 535 rüksichtigen.
397 511 1094 574 Wir wünschen nähmlich daß von den sich ange-
303 563 1081 617 meldeten Candidaten die H: Egli v: Unterwezikon,
300 605 1085 666 &amp; Hch: Wettstein v: Rußikon in den Dreiervorschlag
302 646 1068 720 aufgenohmen werden möchten, indem wenn der
293 689 1074 764 Einte od: der Andere von diesen 2en gewählt wird,
295 735 1063 813 die Wahl eine erfreüliche ist. Im fall, wie ich
286 783 1079 861 zuverläßig vernohmen habe, von gewisser Seite
289 838 1085 907 für Jb: Bodmer in Wiedikon gearbeittet werden,
291 879 1081 951 der allerdings für unsere Schule am wenigsten taugt,
296 924 1088 995 um allfälligen Intriguen vorzubeugen, wäre sehr
297 969 1090 1044 wünschbar wenn dieser nicht im Vorschlag aufgenohmen
299 1015 1089 1088 würde. H: Statthalter Zangger soll auch im gl: Sinn
294 1061 1062 1134 mit einigen Mitgliedern des H: Erziehungsrathes
298 1101 1085 1174 Rüksprache genohmen haben &amp; wie ich hoffe, nicht
294 1140 1057 1212 ohne Erfolg. In der Hoffnung Sie werden mir die
294 1179 1069 1256 angemaßte Freiheit, die aus meinem Intresse für das
283 1220 1090 1297 Wohl unserer Schule hervorgegangen ist, nicht Übel nehmen
292 1265 980 1336 versichere Sie meiner ... vollen Ergebenheit.
804 1307 1012 1357 J: Stiefel
292 1333 636 1387 Uster den 26 April 1846.
