980 1440
219 88 571 154 Lieber Freund!
200 158 965 217 Du hast Dich so nachdrücklich und zutrauensvoll
111 178 948 257 um meine Wahl zum Reg.Rathe bemüht, daß ich Dir
108 214 925 294 dafür nicht nur aufrichtigen Dank sondern auch eine
107 249 947 334 einläßliche Erklärung darüber schuldig bin, warum ich
107 287 940 368 nun entschieden die Ablehnung erklärt habe. Noch jetzt
107 321 937 405 wie seiner Zeit beim Weggange von Dubs war es
108 358 963 437 meine Überzeugung, daß ich meine Gottlob nicht unfrucht-
110 389 944 472 bare Wirksamkeit im Dienste der Kirche nur dann an
110 424 937 507 den Staatsdienst zu vertauschen verpflichtet sei, wenn
114 461 956 540 vom Standpunkt der gegenwärtig herrschenden politischen
106 496 920 577 Anschauungen aus, mit denen ich sympathisire, eine
107 530 946 614 entschiedene Nothwendigkeit dafür spreche. Damals trat
101 561 945 651 Suter in die Lücke, freilich nach Tergiversationen, die
104 599 944 683 mich in Folge meiner noch so reservirt abgegebenen
92 634 938 722 Erklärungen schließlich doch so aufs Eis stellten, daß ich
106 670 964 754 mir in jenem Augenblicke vornahm, künftig in allfälligen
101 701 929 791 ähnlichen Positionen das Gewissen etwas weniger und
98 737 961 826 dafür die Konvenienz etwas mehr zu Rathe zu ziehen. Doch
102 770 958 856 ist das nun, ich versichere Dich, verschmerzt und die gegen-
96 805 953 891 wärtig vorliegende Frage hat mich wieder auf dem alten
98 844 945 927 Standpunkt getroffen. Nach reiflicher Überlegung bin ich
104 879 947 964 darauf gekommen, Fries sei jetzt der Disponible und zu
78 909 942 1000 gleich der erwünschte Mann. Wir müssen uns offen ge-
91 942 950 1037 stehen, daß Fries trotz der schönen Satisfaktion, die er
91 980 947 1067 jüngst als Seminardirektor erfahren hat und auch ver-
102 1012 957 1106 dient hat, sich niemals das Vertrauen des Lehrerstandes
87 1050 939 1140 erwerben wird; es fehlt ihm theils die Kameradschaft
104 1085 957 1175 mit Volksschullehrern, theils die Begabung, als praktischer
102 1118 956 1208 Schulmann im Gebiete der Volksschule vorbildlich zu sein.
86 1149 964 1240 Die Stürme, die er erfahren hat, werden daher über kurz
112 1184 957 1272 oder lang wieder kommen und werden alle seine Freunde
100 1217 962 1305 und auch die Regierung, unter welcher er steht, um so mehr
100 1253 953 1340 in Verlegenheit bringen, je mehr er sonst um seiner
