1720 2672
488 176 662 232 Z. 16.
1038 178 1597 242 Wien 17 Jan. 1879.
276 404 1575 458 Zu dem neuen Probebogen habe ich folgendes zu bemerken:
226 514 1594 568 1.). Die Druckerei hat sich verpflichtet, durchgehends neue Lettern
233 618 1632 682 zu verwenden. Aber einige Sorten waren noch nicht vorhanden und werden
224 727 1585 789 erst jetzt gegossen. Das gilt z.B. von den Typen, mit denen die Regesten
224 844 1632 898 gedruckt sind. Desgleichen müssen die Typen für Ŏ, uͦ u. dergleichen
222 956 1566 1011 erst nach meinen Angaben geschnitten werden. Sonst ist die Auswahl der
174 1068 1583 1122 ‖ Typen bereits difinitiv, es müsste denn das Zeichen < > (für Interpo¬
220 1173 1397 1236 lationen) wie S. 4 Zeile 19 u. 22 etwa beanstandet werden.
215 1279 1608 1341 2) Einrichtung der Drucke. An den früheren Probedrucken ist nur das geän¬
245 1391 1599 1458 dert worden, was in der betreffenden Commissionssitzung zu Berlin bean¬
236 1507 1580 1569 standet wurde. Die wesentlichste Aenderung besteht darin daß früher,
240 1611 1599 1678 was über die Urkunde im allgemeinen zu bemerken war (Schreiber, Dicta¬
234 1720 1589 1792 tor, kritischer oder sachlicher Commentar) in Petit u. als Anmerkung ge¬
234 1829 1633 1897 druckt war, und daß jetzt auf Waitz' Vorschlag die betreffenden Bemerkungen
244 1942 1610 2009 dem Text vorausgeschickt sind, dem gemäß mit denselben cursiven Lettern
140 2051 1622 2115 11! gedruckt, in denen die Quellen und Editionen angegeben werden. Natürlich
243 2161 1637 2236 werden wir uns da möglichst knapp halten. Aber bei schlecht überlieferten und
243 2272 1634 2347 bisher beanstandeten Stücken, wie DC. 3, ist Ausführlichkeit geboten. Dann kommt
238 2384 1605 2458 hier noch zuweilen ein äusserlicher Umstand in Betracht. Jede Urkunde wird
