1112 1440
129 108 1042 177 aber als ganz liquid bezeichnete, bestund in der
120 169 1108 240 Frage über die Bedeutung der Bestimmung des Schluß-
358 208 405 258 des
129 228 1089 300 protokolls &amp; Vertrags mit Italien, daß in den
138 292 1086 362 ersten 3 Jahren v. Biascabis an den Langensee
135 351 1094 412 gebaut werde. Meine bestimmte Antwort, daß
148 408 1089 474 die Linie nach Locarno hiemit gemeint sei &amp; die-
123 464 1099 533 jenige an das linke Ufer dagegen erst auf
145 515 1107 595 die Eröffnung der durchgehenden Linie vollendet
142 570 1091 649 werde, befriedigte. Endlich hat Herr Staatsrath
119 628 1100 715 Forni – wohl der Ernsteste &amp; Zuverlässigste, wenn auch
136 675 1093 761 weniger sich hervorwagende unter den Gliedern
122 723 1104 817 der Regierung – betont, daß eine etwas hinausge-
113 774 1097 871 schobene Einzahlung der Beiträge die Möglichkeit
139 827 1093 929 einer grösseren Subvention wesentlich erleichtern
121 885 1065 984 oder steigern dürfte. Ich habe dagegen auf die
120 933 1088 1041 Vorschriften des Protokolls &amp; die Schwierigkeit
106 985 1102 1093 aufmerksam gemacht, dießfällige Abweichung resp.
104 1033 1056 1143 Begünstigung einerseits &amp; mehrere Belastung
117 1087 1103 1191 anderseits eintreten zu lassen. Da idessen dieser
87 1138 1095 1240 Gedanke für hiesige Verhältnisse von Belang &amp; für
111 1188 1100 1287 einen Entschluß f. 4 Millionen förderlich werden könnte,
93 1248 1067 1334 so erwäge ihn &amp; sage mir gefälligst, ob ich auf
110 1308 1074 1396 unbedingter Ablehnung desselben beharren soll, wenn er
