958 1440
387 113 942 171 A Monsieur Escher, Président
385 157 908 209 du Comité pour le Chemin de fer du
381 198 596 249 St Gothard.
465 357 928 409 Conformément à l'invitation verbale
372 399 923 450 que vous avez bien voulu nous faire dans la
382 440 936 493 récente conférence que nous avons eue avec vous
379 482 920 532 à Zurich, nous venons vous communiquer les
381 521 579 571 notes Suivantes.
443 560 935 612 1o Nous sommes en mesure de former
379 600 934 651 une Société d'Entreprise au Capital de douze
374 641 927 691 millions de francs (12,000,000 F ) représentés
370 680 929 732 par 24,000 actions dont le tiers serait mis à
375 723 939 773 la disposition des Capitalistes Suisses qui voudront
377 761 683 811 nous aider de leur concours.
464 802 929 852 Cette société se propose d'entreprendre le
364 840 912 892 percement du St Gothard et la construction
379 882 919 933 des Sections de Fluelen à Goeschenen et de
379 920 939 974 Biasca à Airolo. Elle aura le caractère d'une
378 963 943 1013 Société Suisse et établira son siège social en Suisse.
444 999 937 1053 2o Elle s'engagerait à exécuter le grand
374 1041 923 1091 tunnel en neuf ans pour la Somme de
372 1083 929 1134 Soixante deux millions (62,000,000 F ) qu'elle
378 1123 923 1174 réduirait à Cinquante neuf millions et demi
371 1162 921 1213 (59,500000 F ) si on lui abandonnait aussi,
384 1203 925 1255 à des prix à débattre, l'exécution des sections
381 1244 927 1296 d'approche depuis Fluelen et Biasca, pour
378 1283 920 1334 lesquelles, elle se reserverait, en tout cas, un
385 1323 623 1374 droit de préférence.
